@article{Chadwick:262756,
      author        = "Chadwick, J",
      title         = "{IntensitÃ¤tsverteilung im magnetischen Spectrum der $\beta$-Strahlen von radium B + C}",
      journal       = "Verhandl. Dtsc. Phys. Ges.",
      volume        = "16",
      pages         = "383",
      year          = "1914",
      url           = "https://cds.cern.ch/record/262756"
}

@book{Fernandez:2012db,
    author = "Fernandez, Bernard and Ripka, Georges",
    title = "{Unravelling the Mystery of the Atomic Nucleus}",
    publisher = "Springer Science {\&} Business Media",
    year = "2012",
    series = "A Sixty Year Journey 1896 {\textemdash} 1956",
    address = "New York, NY",
    month = sep
}

@proceedings{Becquerel:1896,
    author = "Becquerel, A. H.",
    title = "{Sur diverses propriétés des rayons uraniques}",
    publisher = "Comptes Rendus de l'Académie des Sciences",
    year = "1896",
    month = "nov",
    pages = "855-858"
}

@article{Becquerel:475481,
      author        = "Becquerel, A H",
      title         = "{Sur les radiations invisibles Ã©mises par les sels d'uranium}",
      journal       = "C. R. Acad. Sci. Paris",
      volume        = "122",
      pages         = "689-694",
      year          = "1896",
      url           = "https://cds.cern.ch/record/475481",
}

@article{Rutherford:261896,
      author        = "Rutherford, Ernest",
      title         = "{Uranium radiation and the electrical conduction produced by it}",
      journal       = "Philos. Mag.",
      volume        = "47",
      pages         = "109",
      year          = "1899",
      url           = "https://cds.cern.ch/record/261896",
}

@article{doi:10.1080/14786440409463245,
    author = "{ Professor   W.H.   Bragg   M.A. }",
    title = "{LXXIII. On the absorption of $\alpha$ rays, and on the classification of the $\alpha$ rays from radium}",
    journal = "{The London, Edinburgh, and Dublin Philosophical Magazine and Journal of Science}",
    volume = "{8}",
    number = "{48}",
    pages = "{719-725}",
    year  = "{1904}",
    publisher = "{Taylor \& Francis}",
    doi = "{10.1080/14786440409463245}",
    URL = "{https://doi.org/10.1080/14786440409463245}",
    eprint = "{https://doi.org/10.1080/14786440409463245}"
}

@Article{Baeyer:1911:SAN,
  author =       "O. v. Baeyer and Otto Hahn and Lise Meitner",
  title =        "{{\"U}ber die $ \beta $-Strahlen des aktiven Niederschlags des Thoriums}. ({German}) [{On} the $\beta $ rays of thorium active precipitation]",
  journal =      j-PHYSIKAL-Z,
  volume =       "12",
  number =       "8",
  pages =        "273--279",
  day =          "15",
  month =        apr,
  year =         "1911",
  CODEN =        "PHZTAO",
  ISSN =         "0369-982X",
  bibdate =      "Wed May 23 10:57:32 2018",
  bibsource =    "http://www.math.utah.edu/pub/bibnet/authors/m/meitner-lise.bib",
  URL =          "https://hdl.handle.net/2027/mdp.39015011417709?urlappend=;seq=311",
  acknowledgement = ack-nhfb,
  author-dates = "Lise Meitner (7 November 1878--27 October 1968)",
  fjournal =     "Physikalische Zeitschrift",
  journal-URL =  "http://catalog.hathitrust.org/Record/000541302",
  language =     "German"
}

@article{Chadwick:262756,
      author        = "Chadwick, J",
      title         = "{IntensitÃ¤tsverteilung im magnetischen Spectrum der $\beta$-Strahlen von radium B + C}",
      journal       = "Verhandl. Dtsc. Phys. Ges.",
      volume        = "16",
      pages         = "383",
      year          = "1914",
      url           = "https://cds.cern.ch/record/262756",
}

@book{brown1997neutron,
  title={The Neutron and the Bomb: A Biography of Sir James Chadwick},
  author={Brown, A.},
  isbn={9780198539926},
  lccn={97200691},
  url={https://books.google.fr/books?id=99HaAAAAMAAJ},
  year={1997},
  publisher={Oxford University Press}
}

@article{doi:10.1080/14786441008637351,
author = { E.   Rutherford   F.R.S. },
title = {XLIII. The origin of $\beta$ and $\gamma$ rays from radioactive substances},
journal = {The London, Edinburgh, and Dublin Philosophical Magazine and Journal of Science},
volume = {24},
number = {142},
pages = {453-462},
year  = {1912},
publisher = {Taylor \& Francis},
doi = {10.1080/14786441008637351},

URL = { 
        https://doi.org/10.1080/14786441008637351
    
},
eprint = { 
        https://doi.org/10.1080/14786441008637351
    
}

}

@inproceedings{1927RSPSA.117..109E,
	author = {Ellis, C D and Wooster, W A},
	title = {{The Average Energy of Disintegration of Radium E}},
	booktitle = {Proceedings of the Royal Society of London. Series A},
	year = {1927},
	pages = {109--123},
	publisher = {The Royal Society},
	month = dec
}

@article{doi:10.1080/14786442408565262,
author = { N.   Bohr  and  H.A.   Kramers  and  J.C.   Slater },
title = {LXXVI. The quantum theory of radiation},
journal = {The London, Edinburgh, and Dublin Philosophical Magazine and Journal of Science},
volume = {47},
number = {281},
pages = {785-802},
year  = {1924},
publisher = {Taylor \& Francis},
doi = {10.1080/14786442408565262},

URL = { 
        https://doi.org/10.1080/14786442408565262
    
},
eprint = { 
        https://doi.org/10.1080/14786442408565262
    
}

}

@Article{Bothe1925,
author="Bothe, W. and Geiger, H.",
title="{\"U}ber das Wesen des Comptoneffekts; ein experimenteller Beitrag zur Theorie der Strahlung",
journal="Zeitschrift f{\"u}r Physik",
year="1925",
month="Dec",
day="01",
volume="32",
number="1",
pages="639--663",
abstract="Es wird eine Versuchsanordnung angegeben, welche erlaubt, zwischen der bisherigen Auffassung vom Comptoneffekt und der von Bohr, Kramers und Slater vorgeschlagenen zu entscheiden. Nach der bisherigen Vorstellung m{\"u}{\ss}te gleichzeitig mit jedem Streuquant ein R{\"u}cksto{\ss}elektron beobachtbar sein. Nach Bohr w{\"a}re der Zusammenhang viel loser und m{\"u}{\ss}te bei der hier benutzten Versuchsanordnung praktisch verschwinden. Das Wesentliche der Anordnung l{\"a}uft darauf hinaus, mit zwei Spitzenz{\"a}hlern (e-Z{\"a}hler undh v-Z{\"a}hler) die R{\"u}cksto{\ss}- elektronen und die Streustrahlung eines sehr kleinen Volumens Wasserstoff getrennt zu registrieren, und zu untersuchen, ob Koinzidenzen zwischen den registrierten Ausschl{\"a}gen auftreten. Die Versuche ergaben, da{\ss} etwa jeder elfteh v-Ausschlag mit eineme-Ausschlag zeitlich zusammenfiel. Dies ist nach der Bohrschen Vorstellung nicht verst{\"a}ndlich, ist aber nach der {\"a}lteren Vorstellung zu erwarten, wenn man die nicht zu vermeidende Unvollkommenheit der Versuchsbedingungen in Betracht zieht.---Der scharfe Nachweis der Koinzidenzen war zuerst dadurch sehr erschwert, da{\ss}. wie sich sp{\"a}ter herausstellte, die Spitzenz{\"a}hler mit variablen Verz{\"o}gerungen bis zu 1/100 Sekunde arbeiteten. Erst als diese Verz{\"o}gerungen dadurch praktisch behoben waren, da{\ss} dem Spitzenfeld ein homogeneres Feld {\"u}berlagert wurde, konnte die Genauigkeit der Zeitmessung, welche im Laufe der Versuche auf 1/10000 Sekunde stieg, voll ausgenutzt werden.",
issn="0044-3328",
doi="10.1007/BF01331702",
url="https://doi.org/10.1007/BF01331702"
}

@book{Pauli:2013kg,
author = {Pauli, Wolfgang},
editor = {Enz, Charles P and von Meyenn, Karl},
title = {{Writings on Physics and Philosophy}},
publisher = {Springer Science {\&} Business Media},
year = {2013},
address = {Berlin, Heidelberg},
pages="198",
month = apr
}

@Article{Fermi1934,
author="Fermi, E.",
title="Versuch einer Theorie der $\beta$-Strahlen. I",
journal="Zeitschrift f{\"u}r Physik",
year="1934",
month="Mar",
day="01",
volume="88",
number="3",
pages="161--177",
abstract="Eine quantitative Theorie des $\beta$-Zerfalls wird vorgeschlagen, in welcher man die Existenz des Neutrinos annimmt, und die Emission der Elektronen und Neutrinos aus einem Kern beim $\beta$-Zerfall mit einer {\"a}hnlichen Methode behandelt, wie die Emission eines Lichtquants aus einem angeregten Atom in der Strahlungstheorie. Formeln f{\"u}r die Lebensdauer und f{\"u}r die Form des emittierten kontinuierlichen $\beta$- Strahlenspektrums werden abgeleitet und mit der Erfahrung verglichen.",
issn="0044-3328",
doi="10.1007/BF01351864",
url="https://doi.org/10.1007/BF01351864"
}

@article{rutherford_1939,
      author         = "Rutherford, E.",
      title          = "Forty Years of Physics",
      booktitle      = "Background to Modern Science Ten Lectures at Cambridge arranged by the History of Science Committee",
      doi            = "10.1017/S003181910001144X",
      year           = "1939"
}

@inproceedings{Bouchez:1993hr,
      author         = "Bouchez, J.",
      title          = "{La prÃ©histoire du neutrino}",
      booktitle      = "{Saclay CEN - DAPNIA-SPP 93-04 (93/01,rec.May) 18 p}",
      year           = "1993",
      SLACcitation   = "%%CITATION = INSPIRE-358994;%%"
}

@article{Bethe:1936zz,
      author         = "Bethe, H. A. and Bacher, R. F.",
      title          = "{Nuclear Physics A. Stationary States of Nuclei}",
      journal        = "Rev. Mod. Phys.",
      volume         = "8",
      year           = "1936",
      pages          = "82-229",
      doi            = "10.1103/RevModPhys.8.82",
      SLACcitation   = "%%CITATION = RMPHA,8,82;%%"
}

@article{Bethe:1934qn,
      author         = "Bethe, H. and Peierls, R.",
      title          = "{The 'neutrino'}",
      journal        = "Nature",
      volume         = "133",
      year           = "1934",
      pages          = "532",
      doi            = "10.1038/133532a0",
      SLACcitation   = "%%CITATION = NATUA,133,532;%%"
}

@article{Crane:1939vya,
      author         = "Crane, H. R.",
      title          = "{An Attempt to Observe the Absorption of Neutrinos}",
      journal        = "Phys. Rev.",
      volume         = "55",
      year           = "1939",
      number         = "5",
      pages          = "501-502",
      doi            = "10.1103/PhysRev.55.501",
      SLACcitation   = "%%CITATION = PHRVA,55,501;%%"
}

@article{Davis:1955bi,
      author         = "Davis, Jr., Raymond",
      title          = "{Attempt to detect the antineutrinos from a nuclear
                        reactor by the Cl37(anti-nu,e-) A37 reaction}",
      journal        = "Phys. Rev.",
      volume         = "97",
      year           = "1955",
      pages          = "766-769",
      doi            = "10.1103/PhysRev.97.766",
      SLACcitation   = "%%CITATION = PHRVA,97,766;%%"
}

@article{Davis:1968cp,
      author         = "Davis, Jr., Raymond and Harmer, Don S. and Hoffman,
                        Kenneth C.",
      title          = "{Search for neutrinos from the sun}",
      journal        = "Phys. Rev. Lett.",
      volume         = "20",
      year           = "1968",
      pages          = "1205-1209",
      doi            = "10.1103/PhysRevLett.20.1205",
      SLACcitation   = "%%CITATION = PRLTA,20,1205;%%"
}

@article{Crane:1948zz,
      author         = "Crane, H. R.",
      title          = "{The Energy and Momentum Relations in the Beta-Decay, and
                        the Search for the Neutrino}",
      journal        = "Rev. Mod. Phys.",
      volume         = "20",
      year           = "1948",
      pages          = "278-295",
      doi            = "10.1103/RevModPhys.20.278",
      SLACcitation   = "%%CITATION = RMPHA,20,278;%%"
}

@article{Scholberg:2018vwg,
      author         = "Scholberg, Kate",
      title          = "{Observation of Coherent Elastic Neutrino-Nucleus Scattering by COHERENT}",
      booktitle      = "{Proceedings, 2017 International Workshop on Neutrinos from Accelerators (NuFact17): Uppsala University Main Building, Uppsala, Sweden, September 25-30, 2017}",
      collaboration  = "COHERENT",
      journal        = "PoS",
      volume         = "NuFact2017",
      year           = "2018",
      pages          = "020",
      doi            = "10.22323/1.295.0020",
      eprint         = "1801.05546",
      archivePrefix  = "arXiv",
      primaryClass   = "hep-ex",
      SLACcitation   = "%%CITATION = ARXIV:1801.05546;%%"
}

@article{Drexlin:1991gx,
      author         = "Drexlin, G. and others",
      title          = "{First observation of the neutral current nuclear excitation C-12 (nu, nu-prime) C-12* (1+, 1).}",
      collaboration  = "KARMEN",
      journal        = "Phys. Lett.",
      volume         = "B267",
      year           = "1991",
      pages          = "321-324",
      doi            = "10.1016/0370-2693(91)90939-N",
      SLACcitation   = "%%CITATION = PHLTA,B267,321;%%"
}

@article{Reines:1953kf,
      author         = "Reines, F. and Cowan, C. L.",
      title          = "{A Proposed experiment to detect the free neutrino}",
      journal        = "Phys. Rev.",
      volume         = "90",
      year           = "1953",
      pages          = "492-493",
      doi            = "10.1103/PhysRev.90.492",
      SLACcitation   = "%%CITATION = PHRVA,90,492;%%"
}

@article{Cowan:1953mw,
      author         = "Cowan, C. L. and Reines, F. and Harrison, F. B. and
                        Anderson, E. C. and Hayes, F. N.",
      title          = "{Large liquid scintillation detectors}",
      journal        = "Phys. Rev.",
      volume         = "90",
      year           = "1953",
      pages          = "493-494",
      doi            = "10.1103/PhysRev.90.493",
      SLACcitation   = "%%CITATION = PHRVA,90,493;%%"
}

@article{Reines:1953pu,
      author         = "Reines, F. and Cowan, C. L.",
      title          = "{Detection of the free neutrino}",
      journal        = "Phys. Rev.",
      volume         = "92",
      year           = "1953",
      pages          = "830-831",
      doi            = "10.1103/PhysRev.92.830",
      SLACcitation   = "%%CITATION = PHRVA,92,830;%%"
}

@article{Cowan:1992xc,
      author         = "Cowan, C. L. and Reines, F. and Harrison, F. B. and
                        Kruse, H. W. and McGuire, A. D.",
      title          = "{Detection of the free neutrino: A Confirmation}",
      journal        = "Science",
      volume         = "124",
      year           = "1956",
      pages          = "103-104",
      doi            = "10.1126/science.124.3212.103",
      SLACcitation   = "%%CITATION = SCIEA,124,103;%%"
}

@article{Reines:1956rs,
      author         = "Reines, Frederick and Cowan, Clyde L.",
      title          = "{The neutrino}",
      journal        = "Nature",
      volume         = "178",
      year           = "1956",
      pages          = "446-449",
      doi            = "10.1038/178446a0",
      SLACcitation   = "%%CITATION = NATUA,178,446;%%"
}

@article{Greenwood:1996pb,
      author         = "Greenwood, Z. D. and others",
      title          = "{Results of a two position reactor neutrino oscillation experiment}",
      journal        = "Phys. Rev.",
      volume         = "D53",
      year           = "1996",
      pages          = "6054-6064",
      doi            = "10.1103/PhysRevD.53.6054",
      SLACcitation   = "%%CITATION = PHRVA,D53,6054;%%"
}

@article{Lee:1956qn,
      author         = "Lee, T. D. and Yang, Chen-Ning",
      title          = "{Question of Parity Conservation in Weak Interactions}",
      journal        = "Phys. Rev.",
      volume         = "104",
      year           = "1956",
      pages          = "254-258",
      doi            = "10.1103/PhysRev.104.254",
      SLACcitation   = "%%CITATION = PHRVA,104,254;%%"
}

@article{Wu:1957my,
      author         = "Wu, C. S. and Ambler, E. and Hayward, R. W. and Hoppes,
                        D. D. and Hudson, R. P.",
      title          = "{Experimental Test of Parity Conservation in Beta Decay}",
      journal        = "Phys. Rev.",
      volume         = "105",
      year           = "1957",
      pages          = "1413-1414",
      doi            = "10.1103/PhysRev.105.1413",
      SLACcitation   = "%%CITATION = PHRVA,105,1413;%%"
}

@article{Goldhaber:1958nb,
      author         = "Goldhaber, M. and Grodzins, L. and Sunyar, A. W.",
      title          = "{Helicity of Neutrinos}",
      journal        = "Phys. Rev.",
      volume         = "109",
      year           = "1958",
      pages          = "1015-1017",
      doi            = "10.1103/PhysRev.109.1015",
      SLACcitation   = "%%CITATION = PHRVA,109,1015;%%"
}

@article{Feynman:1958ty,
      author         = "Feynman, R. P. and Gell-Mann, Murray",
      title          = "{Theory of Fermi interaction}",
      journal        = "Phys. Rev.",
      volume         = "109",
      year           = "1958",
      pages          = "193-198",
      doi            = "10.1103/PhysRev.109.193",
      note           = "[,417(1958)]",
      SLACcitation   = "%%CITATION = PHRVA,109,193;%%"
}

@article{Birks:1951boa,
      author         = "Birks, J. B.",
      title          = "{Scintillations from Organic Crystals: Specific Fluorescence and Relative Response to Different Radiations}",
      journal        = "Proc. Phys. Soc.",
      volume         = "A64",
      year           = "1951",
      pages          = "874-877",
      doi            = "10.1088/0370-1298/64/10/303",
      SLACcitation   = "%%CITATION = PPSOA,A64,874;%%"
}

@phdthesis{Gaiser:1982yw,
      author         = "Gaiser, John Erthal",
      title          = "{Charmonium Spectroscopy From Radiative Decays of the
                        $J/\psi$ and $\psi^\prime$}",
      school         = "SLAC",
      url            = "http://www-public.slac.stanford.edu/sciDoc/docMeta.aspx?slacPubNumber=slac-r-255.html",
      year           = "1982",
      reportNumber   = "SLAC-0255, UMI-83-14449-MC, SLAC-R-0255, SLAC-R-255",
      SLACcitation   = "%%CITATION = SLAC-0255;%%"
}

@article{Dyson2004,
author = {Dyson, Freeman},
year = {2004},
month = {02},
pages = {297},
title = {A meeting with Enrico Fermi},
volume = {427},
journal = {Nature},
doi = {10.1038/427297a}
}

@article{Pontecorvo:1959sn,
      author         = "Pontecorvo, B.",
      title          = "{Electron and Muon Neutrinos}",
      journal        = "Sov. Phys. JETP",
      volume         = "10",
      year           = "1960",
      pages          = "1236-1240",
      note           = "[Zh. Eksp. Teor. Fiz.37,1751(1959)]",
      SLACcitation   = "%%CITATION = SPHJA,10,1236;%%"
}

@article{Danby:1962nd,
      author         = "Danby, G. and Gaillard, J. M. and Goulianos, Konstantin
                        A. and Lederman, L. M. and Mistry, Nari B. and Schwartz,
                        M. and Steinberger, J.",
      title          = "{Observation of High-Energy Neutrino Reactions and the
                        Existence of Two Kinds of Neutrinos}",
      journal        = "Phys. Rev. Lett.",
      volume         = "9",
      year           = "1962",
      pages          = "36-44",
      doi            = "10.1103/PhysRevLett.9.36",
      SLACcitation   = "%%CITATION = PRLTA,9,36;%%"
}

@article{Strumia:2003zx,
      author         = "Strumia, Alessandro and Vissani, Francesco",
      title          = "{Precise quasielastic neutrino/nucleon cross-section}",
      journal        = "Phys. Lett.",
      volume         = "B564",
      year           = "2003",
      pages          = "42-54",
      doi            = "10.1016/S0370-2693(03)00616-6",
      eprint         = "astro-ph/0302055",
      archivePrefix  = "arXiv",
      primaryClass   = "astro-ph",
      reportNumber   = "IFUP-TH-2003-2",
      SLACcitation   = "%%CITATION = ASTRO-PH/0302055;%%"
}

@article{Buck:2018cac,
      author         = "Buck, Christian and Gramlich, Benjamin and Lindner,
                        Manfred and Roca, Christian and Schoppmann, Stefan",
      title          = "{Production and Properties of the Liquid Scintillators
                        used in the Stereo Reactor Neutrino Experiment}",
      journal        = "JINST",
      volume         = "14",
      year           = "2019",
      number         = "01",
      pages          = "P01027",
      doi            = "10.1088/1748-0221/14/01/P01027",
      eprint         = "1812.02998",
      archivePrefix  = "arXiv",
      primaryClass   = "physics.ins-det",
      SLACcitation   = "%%CITATION = ARXIV:1812.02998;%%"
}

@book{Birks:1964zz,
      author         = "Birks, John B.",
      title          = "{The Theory and practice of scintillation counting}",
      url            = "http://www.slac.stanford.edu/spires/find/books/www?cl=QCD928:B52",
      journal        = "International series of Monographs on Electronics and
                        Instrumentation, v. 27 Macmillan, New York",
      year           = "1964",
      SLACcitation   = "%%CITATION = INSPIRE-48340;%%"
}

@book{PDG_particle_matter_2018,
      author         = "C. Patrignani et al. (Particle Data Group)",
      title          = "{Passage of particles through matter}",
      url            = "http://pdg.lbl.gov/2018/reviews/rpp2018-rev-passage-particles-matter.pdf",
      journal        = "Phys. Rev.",
      year           = "2018",
      SLACcitation   = "%%CITATION = PHRVA,D98,030001;%%"
}

@article{Bourrion:2015axa,
      author         = "Bourrion, O. and others",
      title          = "{Trigger and readout electronics for the STEREO
                        experiment}",
      booktitle      = "{Proceedings, Topical Workshop on Electronics for
                        Particle Physics (TWEPP15): Lisbon, Portugal, September 28
                        - October 02, 2015}",
      journal        = "JINST",
      volume         = "11",
      year           = "2016",
      number         = "02",
      pages          = "C02078",
      doi            = "10.1088/1748-0221/11/02/C02078",
      eprint         = "1510.08238",
      archivePrefix  = "arXiv",
      primaryClass   = "physics.ins-det",
      SLACcitation   = "%%CITATION = ARXIV:1510.08238;%%"
}

@phdthesis{bonhomme:tel-01931309,
  TITLE = {{Reactor Antineutrino Anomaly : search for a sterile state with the STEREO experiment}},
  AUTHOR = {Bonhomme, Aurelie},
  URL = {https://tel.archives-ouvertes.fr/tel-01931309},
  NUMBER = {2018SACLS319},
  SCHOOL = {{Universit{\'e} Paris-Saclay}},
  YEAR = {2018},
  MONTH = Sep,
  KEYWORDS = {Stereo ; Reactor neutrinos ; Oscillations ; Light sterile state ; Liquid scintillator ; Cosmic background ; Neutrinos de r{\'e}acteurs ; St{\'e}rile l{\'e}ger ; Liquide scintillant ; Bruit de fond cosmique},
  TYPE = {Theses},
  PDF = {https://tel.archives-ouvertes.fr/tel-01931309/file/70859_BONHOMME_2018_archivage.pdf},
  HAL_ID = {tel-01931309},
  HAL_VERSION = {v1},
}

@article{Abe:2014bwa,
      author         = "Abe, Y. and others",
      title          = "{Improved measurements of the neutrino mixing angle
                        $\theta_{13}$ with the Double Chooz detector}",
      collaboration  = "Double Chooz",
      journal        = "JHEP",
      volume         = "10",
      year           = "2014",
      pages          = "086",
      doi            = "10.1007/JHEP02(2015)074, 10.1007/JHEP10(2014)086",
      note           = "[Erratum: JHEP02,074(2015)]",
      eprint         = "1406.7763",
      archivePrefix  = "arXiv",
      primaryClass   = "hep-ex",
      SLACcitation   = "%%CITATION = ARXIV:1406.7763;%%"
}

@article{Agostinelli:2002hh,
      author         = "Agostinelli, S. and others",
      title          = "{GEANT4: A Simulation toolkit}",
      collaboration  = "GEANT4",
      journal        = "Nucl. Instrum. Meth.",
      volume         = "A506",
      year           = "2003",
      pages          = "250-303",
      doi            = "10.1016/S0168-9002(03)01368-8",
      reportNumber   = "SLAC-PUB-9350, FERMILAB-PUB-03-339",
      SLACcitation   = "%%CITATION = NUIMA,A506,250;%%"
}

@misc{Smith:2005,
      author         = "Horton-Smith G.", 
      title          = "{GLG4sim}",
      year           = "2005",
      howpublished   = "\url{http://neutrino.phys.ksu.edu/~GLG4sim/}"
}

@misc{docdb351,
      author         = "Materna T.", 
      title          = "{Simulation parameter tuning and data comparison}",
      year           = "2017",
      type           = "Communication interne à la collaboration \textsc{Stereo}",
      howpublished   = "\url{https://lpsc.in2p3.fr/stereo-private/ShowDocument?docid=351}"
}

@misc{docdb151,
      author         = "Bonhomme A.", 
      title          = "{Light leaks and simulation from LED measurements}",
      year           = "2016",
      type           = "Communication interne à la collaboration \textsc{Stereo}",
      howpublished   = "\url{https://lpsc.in2p3.fr/stereo-private/ShowDocument?docid=151}"
}

@misc{docdb121,
      author         = "Bonhomme A.", 
      title          = "{Generators for calibration}",
      year           = "2016",
      type           = "Communication interne à la collaboration \textsc{Stereo}",
      howpublished   = "\url{https://lpsc.in2p3.fr/stereo-private/ShowDocument?docid=121}"
}

@misc{docdb669,
      author         = "Roca Catala C.", 
      title          = "{Tech note: MC tuning}",
      year           = "2017",
      type           = "Communication interne à la collaboration \textsc{Stereo}",
      howpublished   = "\url{https://lpsc.in2p3.fr/stereo-private/ShowDocument?docid=669}"
}

@misc{docdb643,
      author         = "Roca Catala C.", 
      title          = "{Monte Carlo tuning}",
      year           = "2018",
      type           = "Communication interne à la collaboration \textsc{Stereo}",
      howpublished   = "\url{https://lpsc.in2p3.fr/stereo-private/ShowDocument?docid=643}"
}

@misc{docdb354,
      author         = "J-S. Réal", 
      title          = "{Cosmic simulation}",
      year           = "2017",
      type           = "Communication interne à la collaboration \textsc{Stereo}",
      howpublished   = "\url{https://lpsc.in2p3.fr/stereo-private/ShowDocument?docid=354}"
}

@INPROCEEDINGS{
        CRY, 
        author={C. {Hagmann} and D. {Lange} and D. {Wright}}, 
        booktitle={2007 IEEE Nuclear Science Symposium Conference Record}, 
        title={Cosmic-ray shower generator (CRY) for Monte Carlo transport codes}, 
        year={2007}, 
        volume={2}, 
        number={}, 
        pages={1143-1146}, 
        keywords={astronomy computing;C language;C++ language;cosmic ray showers;electron production;FORTRAN;gamma-ray production;Monte Carlo methods;muon production;neutron production;pion production;primary cosmic rays;proton production;sea level;cosmic-ray shower generator;Monte Carlo transport codes;cosmic-ray particle shower distributions;MCNPX simulations;primary cosmic rays;muon production;neutron production;proton production;electron production;photon production;pion production;secondary particles;zenith angle;solar cycle effects;C;C++;Fortran;MCNP;COG;Geant4;sea level;Monte Carlo methods;Atmospheric modeling;Software libraries;Mesons;Sea level;Detectors;Cosmic rays;Atmosphere;Atmospheric measurements;Sea measurements}, 
        doi={10.1109/NSSMIC.2007.4437209}, 
        ISSN={1082-3654}, 
        month={Oct}
}

@misc{whanlon,
  title = {Updated Cosmic Ray Spectrum},
  howpublished = {\url{https://www.physics.utah.edu/~whanlon/spectrum.html}},
  note = {Accessed: 2019-05-30}
}

@misc{glg4sim_doc,
  title = {Additional gadolinium support for GLG4sim},
  howpublished = {\url{http://neutrino.phys.ksu.edu/~GLG4sim/Gd.html}},
  note = {Accessed: 2019-05-30}
}

@phdthesis{zsoldos:tel-01575951,
  TITLE = {{Search for a sterile neutrino with the STEREO experiment : construction of a muon veto and estimation of the correlated background}},
  AUTHOR = {Zsoldos, Stephane},
  URL = {https://tel.archives-ouvertes.fr/tel-01575951},
  NUMBER = {2016GREAY047},
  SCHOOL = {{Universit{\'e} Grenoble Alpes}},
  YEAR = {2016},
  MONTH = Sep,
  KEYWORDS = {Physics beyond the standard model ; Sterile neutrino ; Particle physics ; Neutrino st{\'e}rile ; Physique des particules ; Physique au del{\`a} du mod{\`e}le standard},
  TYPE = {Theses},
  PDF = {https://tel.archives-ouvertes.fr/tel-01575951/file/ZSOLDOS_2016_diffusion.pdf},
  HAL_ID = {tel-01575951},
  HAL_VERSION = {v1},
}

@article{Cowan2011,
    author="Cowan, Glen and Cranmer, Kyle and Gross, Eilam and Vitells, Ofer",
    title="Asymptotic formulae for likelihood-based tests of new physics",
    journal="The European Physical Journal C",
    year="2011",
    month="Feb",
    day="09",
    volume="71",
    number="2",
    pages="1554",
    abstract="We describe likelihood-based statistical tests for use in high energy physics for the discovery of new phenomena and for construction of confidence intervals on model parameters. We focus on the properties of the test procedures that allow one to account for systematic uncertainties. Explicit formulae for the asymptotic distributions of test statistics are derived using results of Wilks and Wald. We motivate and justify the use of a representative data set, called the ``Asimov data set'', which provides a simple method to obtain the median experimental sensitivity of a search or measurement as well as fluctuations about this expectation.",
    issn="1434-6052",
    doi="10.1140/epjc/s10052-011-1554-0",
    url="https://doi.org/10.1140/epjc/s10052-011-1554-0"
}

@book{asimov1955,
  title={Franchise},
  author={Asimov, I. and Shannon, D.},
  howpublished="\url{https://archive.org/details/195508IF0000}",
  year={1955}
}

@misc{docdb548,
      author         = "H. Almazan and C. Roca", 
      title          = "{Plots for Blessing - March2018}",
      year           = "2018",
      type           = "Communication interne à la collaboration \textsc{Stereo}",
      howpublished   = "\url{https://lpsc.in2p3.fr/stereo-private/ShowDocument?docid=548}"
}

@article{doi:10.1080/14786449908621276,
        author = { Lord   Rayleigh   F.R.S. },
        title = {XXXIV. On the transmission of light through an atmosphere containing small particles in suspension, and on the origin of the blue of the sky},
        journal = {The London, Edinburgh, and Dublin Philosophical Magazine and Journal of Science},
        volume = {47},
        number = {287},
        pages = {375-384},
        year  = {1899},
        publisher = {Taylor & Francis},
        doi = {10.1080/14786449908621276},
        URL = {https://doi.org/10.1080/14786449908621276},
        eprint = {https://doi.org/10.1080/14786449908621276}
}

@article{PEARSON:1905fu,
    author = {K. Pearson},
    title = {The Problem of the Random Walk},
    journal = {Nature},
    year = {1905},
    volume = {72},
    number = {1865},
    pages = {294--294},
    month = jul
}

@misc{docdb861,
      author         = "H. Almazan", 
      title          = "{neutron efficiency - Correlation time and data/mc ratios}",
      year           = "2018",
      type           = "Communication interne à la collaboration \textsc{Stereo}",
      howpublished   = "\url{https://lpsc.in2p3.fr/stereo-private/ShowDocument?docid=861}"
}

@misc{docdb445,
      author         = "L. Bernard", 
      title          = "{Muons Veto efficiency - systematic evaluation}",
      year           = "2017",
      type           = "Communication interne à la collaboration \textsc{Stereo}",
      howpublished   = "\url{https://lpsc.in2p3.fr/stereo-private/ShowDocument?docid=445}"
}

@article{Michel:1949qe,
      author         = "Michel, L.",
      title          = "{Interaction between four half spin particles and the
                        decay of the $\mu$ meson}",
      journal        = "Proc. Phys. Soc.",
      volume         = "A63",
      year           = "1950",
      pages          = "514-531",
      doi            = "10.1088/0370-1298/63/5/311",
      note           = "[,45(1949)]",
      SLACcitation   = "%%CITATION = PPSOA,A63,514;%%"
}

@phdthesis{pequignot:tel-01217946,
  TITLE = {{The Nucifer and Stereo experiments : a study of reactor antineutrinos at short baseline}},
  AUTHOR = {Pequignot, Maxime},
  URL = {https://tel.archives-ouvertes.fr/tel-01217946},
  NUMBER = {2015PA112194},
  SCHOOL = {{Universit{\'e} Paris Sud - Paris XI}},
  YEAR = {2015},
  MONTH = Sep,
  KEYWORDS = {Nucifer ; Stereo ; Reactor neutrino ; Liquid scintillators ; Neutrino oscillation ; Sterile neutrino ; Non-proliferation ; Neutrinos de r{\'e}acteurs ; Liquide scintillant ; Oscillations de neutrinos ; Neutrino st{\'e}rile},
  TYPE = {Theses},
  PDF = {https://tel.archives-ouvertes.fr/tel-01217946/file/VD2_PEQUIGNOT_MAXIME_30092015.pdf},
  HAL_ID = {tel-01217946},
  HAL_VERSION = {v1},
}

@phdthesis{gaffiot:tel-00770675,
  TITLE = {{Reactor neutrinos study : integration and characterization of the Nucifer detector}},
  AUTHOR = {Gaffiot, Jonathan},
  URL = {https://tel.archives-ouvertes.fr/tel-00770675},
  NUMBER = {2012PA112286},
  SCHOOL = {{Universit{\'e} Paris Sud - Paris XI}},
  YEAR = {2012},
  MONTH = Nov,
  KEYWORDS = {Liquid scintillator ; Reactor neutrino ; Nucifer ; Non-prolif{\'e}ration ; Neutrinos de r{\'e}acteurs ; Liquide scintillant},
  TYPE = {Theses},
  PDF = {https://tel.archives-ouvertes.fr/tel-00770675/file/VD2_GAFFIOT_JONATHAN_20112012.pdf},
  HAL_ID = {tel-00770675},
  HAL_VERSION = {v1},
}

@misc{docdb409,
      author         = "A. Stutz", 
      title          = "{PSD evolution AmBe source}",
      year           = "2017",
      type           = "Communication interne à la collaboration \textsc{Stereo}",
      howpublished   = "\url{https://lpsc.in2p3.fr/stereo-private/ShowDocument?docid=409}"
}

@misc{docdb155,
      author         = "V. Hélaine", 
      title          = "{PSD update}",
      year           = "2016",
      type           = "Communication interne à la collaboration \textsc{Stereo}",
      howpublished   = "\url{https://lpsc.in2p3.fr/stereo-private/ShowDocument?docid=155}"
}

@misc{docdb642,
      author         = "A. Blanchet, A. Bonhomme", 
      title          = "{Systematics of the PSD model}",
      year           = "2018",
      type           = "Communication interne à la collaboration \textsc{Stereo}",
      howpublished   = "\url{https://lpsc.in2p3.fr/stereo-private/ShowDocument?docid=642}"
}

@misc{docdb717,
      author         = "A. Blanchet", 
      title          = "{PSD Drift Effect on Ag/Ap Ratio}",
      year           = "2018",
      type           = "Communication interne à la collaboration \textsc{Stereo}",
      howpublished   = "\url{https://lpsc.in2p3.fr/stereo-private/ShowDocument?docid=717}"
}

@misc{docdb735,
      author         = "J-S. Réal", 
      title          = "{Correction of the PSD}",
      year           = "2018",
      type           = "Communication interne à la collaboration \textsc{Stereo}",
      howpublished   = "\url{https://lpsc.in2p3.fr/stereo-private/ShowDocument?docid=735}"
}

@misc{docdb761,
      author         = "J-S. Réal", 
      title          = "{Correction of the PSD Using single $\gamma$ PSD}",
      year           = "2018",
      type           = "Communication interne à la collaboration \textsc{Stereo}",
      howpublished   = "\url{https://lpsc.in2p3.fr/stereo-private/ShowDocument?docid=761}"
}

@article{Almazan:2018wln,
      author         = "Almazán, H. and others",
      title          = "{Sterile Neutrino Constraints from the STEREO Experiment with 66 Days of Reactor-On Data}",
      collaboration  = "STEREO",
      journal        = "Phys. Rev. Lett.",
      volume         = "121",
      year           = "2018",
      number         = "16",
      pages          = "161801",
      doi            = "10.1103/PhysRevLett.121.161801",
      eprint         = "1806.02096",
      archivePrefix  = "arXiv",
      primaryClass   = "hep-ex",
      SLACcitation   = "%%CITATION = ARXIV:1806.02096;%%"
}

@ARTICLE{1933RSPTA.231..289N,
   author = {{Neyman}, J. and {Pearson}, E.~S.},
    title = "{On the Problem of the Most Efficient Tests of Statistical Hypotheses}",
  journal = {Philosophical Transactions of the Royal Society of London Series A},
     year = 1933,
   volume = 231,
    pages = {289-337},
      doi = {10.1098/rsta.1933.0009},
   adsurl = {https://ui.adsabs.harvard.edu/abs/1933RSPTA.231..289N},
  adsnote = {Provided by the SAO/NASA Astrophysics Data System}
}

@article{Feldman:1998wt,
author = {Feldman, G J and Cousins, R D},
title = {{Unified approach to the classical statistical analysis of small signals}},
journal = {Physical Review D},
year = {1998},
volume = {57},
number = {7},
pages = {3873--3889}
}

@misc{docdb764,
      author         = "J. Lamblin", 
      title          = "{Systematic uncertainties on the neutrino rates}",
      year           = "2018",
      type           = "Communication interne à la collaboration \textsc{Stereo}",
      howpublished   = "\url{https://lpsc.in2p3.fr/stereo-private/ShowDocument?docid=764}"
}

@misc{docdb832,
      author         = "L. Bernard", 
      title          = "{Neutrinos error prediction}",
      year           = "2019",
      type           = "Communication interne à la collaboration \textsc{Stereo}",
      howpublished   = "\url{https://lpsc.in2p3.fr/stereo-private/ShowDocument?docid=832}"
}

@article{Schreckenbach:1981wlm,
      author         = "Schreckenbach, K. and Faust, H. R. and von Feilitzsch, F. and Hahn, A. A. and Hawerkamp, K. and Vuilleumier, J. L.",
      title          = "{Absolute measurement of the beta spectrum from 235 U fission as a basis for reactor antineutrino experiments}",
      journal        = "Phys. Lett.",
      volume         = "99B",
      year           = "1981",
      pages          = "251-256",
      doi            = "10.1016/0370-2693(81)91120-5",
      SLACcitation   = "%%CITATION = PHLTA,99B,251;%%"
}

@article{VonFeilitzsch:1982jw,
      author         = "Von Feilitzsch, F. and Hahn, A. A. and Schreckenbach, K.",
      title          = "{EXPERIMENTAL BETA SPECTRA FROM PU-239 AND U-235 THERMAL NEUTRON FISSION PRODUCTS AND THEIR CORRELATED ANTI-NEUTRINOS SPECTRA}",
      journal        = "Phys. Lett.",
      volume         = "118B",
      year           = "1982",
      pages          = "162-166",
      doi            = "10.1016/0370-2693(82)90622-0",
      SLACcitation   = "%%CITATION = PHLTA,118B,162;%%"
}

@article{Huffaker:1963zz,
      author         = "Huffaker, J. N. and Greuling, Eugene",
      title          = "{Induced Effects in beta Decay}",
      journal        = "Phys. Rev.",
      volume         = "132",
      year           = "1963",
      pages          = "738-743",
      doi            = "10.1103/PhysRev.132.738",
      SLACcitation   = "%%CITATION = PHRVA,132,738;%%"
}


@misc{docdb695,
      author         = "L. Bernard", 
      title          = "{Topology cut - summary fixed cut}",
      year           = "2018",
      type           = "Communication interne à la collaboration \textsc{Stereo}",
      howpublished   = "\url{https://lpsc.in2p3.fr/stereo-private/ShowDocument?docid=695}"
}

@misc{docdb945,
      author         = "H. Almazan", 
      title          = "{Neutron efficiency studies: correction factor and systematic uncertainties summary for Phase II - (v2r3,v34)}",
      year           = "2019",
      type           = "Communication interne à la collaboration \textsc{Stereo}",
      howpublished   = "\url{https://lpsc.in2p3.fr/stereo-private/ShowDocument?docid=945}"
}

@misc{docdb746,
      author         = "H. Almazan", 
      title          = "Neutron efficiency: preliminary studies on the neutron capture time",
      year           = "2018",
      type           = "Communication interne à la collaboration \textsc{Stereo}",
      howpublished   = "\url{https://lpsc.in2p3.fr/stereo-private/ShowDocument?docid=746}"
}

@Article{zbMATH02598645,
 Author = {Th. {Subbotin}},
 Title = {{On the law of frequency of error.}},
 FJournal = {{Recueil Math\'ematique}},
 Journal = {{Rec. Math. Moscou}},
 Volume = {31},
 Pages = {296--301},
 Year = {1923},
 Publisher = {Moscow Mathematical Society, Moscow},
 Language = {English},
 Zbl = {49.0370.01}
}

@incollection {BIST:ILL:1971,    
   author = {CEA},  
   title = {Le Réacteur Franco-Allemand à Haut Flux},    
   booktitle = {Buletin d'Informations Scientifiques et Téchniques},        
   keyword = {Report},    
   pages = {28-29},
   year = {1971}    
}

@online{ILL_core_8358_extract,
 author  = "Wikimedia Commons",
 title   = "Détail du combustible nucléaire du réacteur de recherche de l'Institut Laue-Langevin. Il s'agit en fait d'une réplique d'un vrai cœur, montrée en exposition dans le hall d'entrée de l'institut.",
 year    = "2008",
 urlseen = "30-05-19",
 url     = "https://fr.wikipedia.org/wiki/Fichier:ILL_core_8358_extract.jpg",
}

@misc{docdb31,
      author         = "J-S. Réal", 
      title          = "Cosmic Rates Measurements at ILL",
      year           = "2014",
      type           = "Communication interne à la collaboration \textsc{Stereo}",
      howpublished   = "\url{https://lpsc.in2p3.fr/stereo-private/ShowDocument?docid=31}"
}

@article{AlmazanMolina:2019aoc,
      author         = "Almazán Molina, Helena and others",
      title          = "{Improved STEREO simulation with a new gamma ray spectrum
                        of excited gadolinium isotopes using FIFRELIN}",
      year           = "2019",
      eprint         = "1905.11967",
      archivePrefix  = "arXiv",
      primaryClass   = "physics.ins-det",
      SLACcitation   = "%%CITATION = ARXIV:1905.11967;%%"
}

@misc{docdb225,
      author         = "D. Lhuillier, L. Scola", 
      title          = "Nice Stereo 3D drawings",
      year           = "2017",
      type           = "Communication interne à la collaboration \textsc{Stereo}",
      howpublished   = "\url{https://lpsc.in2p3.fr/stereo-private/ShowDocument?docid=225}"
}

@article{Greisen:1966jv,
      author         = "Greisen, Kenneth",
      title          = "{End to the cosmic ray spectrum?}",
      journal        = "Phys. Rev. Lett.",
      volume         = "16",
      year           = "1966",
      pages          = "748-750",
      doi            = "10.1103/PhysRevLett.16.748",
      SLACcitation   = "%%CITATION = PRLTA,16,748;%%"
}

@article{Allemandou:2018vwb,
      author         = "Allemandou, N. and others",
      title          = "{The STEREO Experiment}",
      collaboration  = "STEREO",
      journal        = "JINST",
      volume         = "13",
      year           = "2018",
      number         = "07",
      pages          = "P07009",
      doi            = "10.1088/1748-0221/13/07/P07009",
      eprint         = "1804.09052",
      archivePrefix  = "arXiv",
      primaryClass   = "physics.ins-det",
      SLACcitation   = "%%CITATION = ARXIV:1804.09052;%%"
}

@misc{docdb886,
      author         = "A. Stutz", 
      title          = "Data taking time plot",
      year           = "2019",
      type           = "Communication interne à la collaboration \textsc{Stereo}",
      howpublished   = "\url{https://lpsc.in2p3.fr/stereo-private/ShowDocument?docid=886}"
}

@article{doi:10.1119/1.12596,
author = {Wangsness,Roald K. },
title = {Effect of matter on the phase velocity of an electromagnetic wave},
journal = {American Journal of Physics},
volume = {49},
number = {10},
pages = {950-953},
year = {1981},
doi = {10.1119/1.12596},

URL = { 
        https://doi.org/10.1119/1.12596
    
},
eprint = { 
        https://doi.org/10.1119/1.12596
    
}

}

@article{Cerenkov:1937vh,
      author         = "Cerenkov, P. A.",
      title          = "{Visible radiation produced by electrons moving in a
                        medium with velocities exceeding that of light}",
      journal        = "Phys. Rev.",
      volume         = "52",
      year           = "1937",
      pages          = "378-379",
      doi            = "10.1103/PhysRev.52.378",
      SLACcitation   = "%%CITATION = PHRVA,52,378;%%"
}

@article{Frank:1937fk,
      author         = "Frank, I. M. and Tamm, I. E.",
      title          = "{Coherent visible radiation of fast electrons passing
                        through matter}",
      journal        = "Compt. Rend. Acad. Sci. URSS",
      volume         = "14",
      year           = "1937",
      number         = "3",
      pages          = "109-114",
      doi            = "10.1007/978-3-642-74626-0_2,
                        10.3367/UFNr.0093.196710o.0388",
      note           = "[Usp. Fiz. Nauk93,no.2,388(1967)]",
      SLACcitation   = "%%CITATION = INSPIRE-45165;%%"
}

@article{Wang:2015vla,
      author         = "Wang, W. and others",
      title          = "{Performance of the 8-in. R5912 photomultiplier tube with
                        super bialkali photocathode}",
      journal        = "JINST",
      volume         = "10",
      year           = "2015",
      number         = "08",
      pages          = "T08001",
      doi            = "10.1088/1748-0221/10/08/T08001",
      SLACcitation   = "%%CITATION = JINST,10,T08001;%%"
}

@misc{docdb179,
      author         = "S. Kox, J. Lamblin, J-S. Réal", 
      title          = "Trigger Level 2 implementation in the stereo Experiment",
      year           = "2016",
      type           = "Communication interne à la collaboration \textsc{Stereo}",
      howpublished   = "\url{https://lpsc.in2p3.fr/stereo-private/ShowDocument?docid=179}"
}

@misc{docdb83,
      author         = "J. Lamblin", 
      title          = "STEREO control command, monitoring and DAQ",
      year           = "2014",
      type           = "Communication interne à la collaboration \textsc{Stereo}",
      howpublished   = "\url{https://lpsc.in2p3.fr/stereo-private/ShowDocument?docid=83}"
}

@phdthesis{salagnac:tel-01757168,
  TITLE = {{Search for a sterile neutrino with the STEREO experiment : electronics development and neutrino identification}},
  AUTHOR = {Salagnac, Thomas},
  URL = {https://tel.archives-ouvertes.fr/tel-01757168},
  NUMBER = {2017GREAY068},
  SCHOOL = {{Universit{\'e} Grenoble Alpes}},
  YEAR = {2017},
  MONTH = Oct,
  KEYWORDS = {Electronics ; Oscillation ; Lin{\'e}arit{\'e} ; Neutrino ; St{\'e}rile ; STEREO ; Electronique},
  TYPE = {Theses},
  PDF = {https://tel.archives-ouvertes.fr/tel-01757168/file/SALAGNAC_2017_diffusion.pdf},
  HAL_ID = {tel-01757168},
  HAL_VERSION = {v1},
}

@misc{docdb517,
      author         = "C. Buck", 
      title          = "Proton number Phase 1",
      year           = "2016",
      type           = "Communication interne à la collaboration \textsc{Stereo}",
      howpublished   = "\url{https://lpsc.in2p3.fr/stereo-private/ShowDocument?docid=517}"
}

@misc{docdb929,
      author         = "C. Roca", 
      title          = "Doctoral Thesis of Christian Roca Catala",
      year           = "2019",
      type           = "Communication interne à la collaboration \textsc{Stereo}",
      howpublished   = "\url{https://lpsc.in2p3.fr/stereo-private/ShowDocument?docid=929}"
}

@article{Buck:2015jxa,
      author         = "Buck, C. and Gramlich, B. and Wagner, S.",
      title          = "{Light propagation and fluorescence quantum yields in
                        liquid scintillators}",
      journal        = "JINST",
      volume         = "10",
      year           = "2015",
      number         = "09",
      pages          = "P09007",
      doi            = "10.1088/1748-0221/10/09/P09007",
      eprint         = "1509.02327",
      archivePrefix  = "arXiv",
      primaryClass   = "physics.ins-det",
      SLACcitation   = "%%CITATION = ARXIV:1509.02327;%%"
}

@article{Wang:2015vla,
      author         = "Wang, W. and others",
      title          = "{Performance of the 8-in. R5912 photomultiplier tube with
                        super bialkali photocathode}",
      journal        = "JINST",
      volume         = "10",
      year           = "2015",
      number         = "08",
      pages          = "T08001",
      doi            = "10.1088/1748-0221/10/08/T08001",
      SLACcitation   = "%%CITATION = JINST,10,T08001;%%"
}

@Article{Groshev1958,
author="Groshev, L. V. and Demidov, A. M. and Lutsenko, V. N. and Pelekhov, V. I.",
title="$\gamma$-ray spectra from the radiation capture of neutrons for even-even radiating nuclei with rotational levels",
journal="The Soviet Journal of Atomic Energy",
year="1958",
month="Jan",
day="01",
volume="4",
number="1",
pages="1--18",
abstract="Using a magnetic Compton spectrometer, we measured the spectra of the $\gamma$-rays arising from the capture of thermal neutrons by nuclei of gadolinium, erbium, hafnium, dysprosium and tantalum in the energy range 0.3--9 Mev. We determined the energies and the intensities of the $\gamma$-lines. For the first three elements, the radiating nuclei are the even-even nuclei64Gd92156,64Gd94158,68Er100168and72Hf106178, which have rotational structural levels close to the ground state. The peculiarity of the spectra of these nuclei is the presence of a group of closely placed intense $\gamma$-lines with energies of ∼ 1 Mev. These lines are absent in the case of even-odd (for example,66Dy99165) and odd-odd radiating nuclei (for example,73Ta109182). The peculiarities of the $\gamma$-ray spectra noted are due to the structure of the lower nuclear levels.",
issn="1573-8205",
doi="10.1007/BF01514555",
url="https://doi.org/10.1007/BF01514555"
}

@article{Alekseev:2018efk,
      author         = "Alekseev, I and others",
      title          = "{Search for sterile neutrinos at the DANSS experiment}",
      collaboration  = "DANSS",
      journal        = "Phys. Lett.",
      volume         = "B787",
      year           = "2018",
      pages          = "56-63",
      doi            = "10.1016/j.physletb.2018.10.038",
      eprint         = "1804.04046",
      archivePrefix  = "arXiv",
      primaryClass   = "hep-ex",
      SLACcitation   = "%%CITATION = ARXIV:1804.04046;%%"
}

@article{Hagiwara:2018kmr,
      author         = "Hagiwara, Kaito and others",
      title          = "{Gamma Ray Spectrum from Thermal Neutron Capture on
                        Gadolinium-157}",
      journal        = "PTEP",
      volume         = "2019",
      year           = "2019",
      number         = "2",
      pages          = "023D01",
      doi            = "10.1093/ptep/ptz002",
      eprint         = "1809.02664",
      archivePrefix  = "arXiv",
      primaryClass   = "nucl-ex",
      SLACcitation   = "%%CITATION = ARXIV:1809.02664;%%"
}


@article{Capote:2009qqf,
      author         = "Capote, R. and others",
      title          = "{RIPL – Reference Input Parameter Library for
                        Calculation of Nuclear Reactions and Nuclear Data
                        Evaluations}",
      journal        = "Nucl. Data Sheets",
      volume         = "110",
      year           = "2009",
      pages          = "3107-3214",
      doi            = "10.1016/j.nds.2009.10.004",
      SLACcitation   = "%%CITATION = NDTSB,110,3107;%%"
}

@article{Bethe:1936zza,
      author         = "Bethe, H. A.",
      title          = "{An Attempt to Calculate the Number of Energy Levels of a
                        Heavy Nucleus}",
      journal        = "Phys. Rev.",
      volume         = "50",
      year           = "1936",
      pages          = "332-341",
      doi            = "10.1103/PhysRev.50.332",
      SLACcitation   = "%%CITATION = PHRVA,50,332;%%"
}

@article{doi:10.1139/p65-139,
author = {Gilbert, A. and Cameron, A. G. W.},
title = {A COMPOSITE NUCLEAR-LEVEL DENSITY FORMULA WITH SHELL CORRECTIONS},
journal = {Canadian Journal of Physics},
volume = {43},
number = {8},
pages = {1446-1496},
year = {1965},
doi = {10.1139/p65-139},

URL = { 
        https://doi.org/10.1139/p65-139
    
},
eprint = { 
        https://doi.org/10.1139/p65-139
    
}

}

@article{Formaggio:2013kya,
      author         = "Formaggio, J. A. and Zeller, G. P.",
      title          = "{From eV to EeV: Neutrino Cross Sections Across Energy Scales}",
      journal        = "Rev. Mod. Phys.",
      volume         = "84",
      year           = "2012",
      pages          = "1307-1341",
      doi            = "10.1103/RevModPhys.84.1307",
      eprint         = "1305.7513",
      archivePrefix  = "arXiv",
      primaryClass   = "hep-ex",
      reportNumber   = "FERMILAB-PUB-12-785-E",
      SLACcitation   = "%%CITATION = ARXIV:1305.7513;%%"
}

@article{PhysRev.21.483,
  title = {A Quantum Theory of the Scattering of X-rays by Light Elements},
  author = {Compton, Arthur H.},
  journal = {Phys. Rev.},
  volume = {21},
  issue = {5},
  pages = {483--502},
  numpages = {0},
  year = {1923},
  month = {May},
  publisher = {American Physical Society},
  doi = {10.1103/PhysRev.21.483},
  url = {https://link.aps.org/doi/10.1103/PhysRev.21.483}
}

@article{Sublet:2017mbt,
      author         = "Sublet, J. -Ch. and Eastwood, J. W. and Morgan, J. G. and Gilbert, M. R. and Fleming, M. and Arter, W.",
      title          = "{FISPACT-II: An Advanced Simulation System for Activation, Transmutation and Material Modelling}",
      journal        = "Nucl. Data Sheets",
      volume         = "139",
      year           = "2017",
      pages          = "77-137",
      doi            = "10.1016/j.nds.2017.01.002",
      SLACcitation   = "%%CITATION = NDTSB,139,77;%%"
}

@article{Huber:2011wv,
      author         = "Huber, Patrick",
      title          = "{On the determination of anti-neutrino spectra from nuclear reactors}",
      journal        = "Phys. Rev.",
      volume         = "C84",
      year           = "2011",
      pages          = "024617",
      doi            = "10.1103/PhysRevC.85.029901, 10.1103/PhysRevC.84.024617",
      note           = "[Erratum: Phys. Rev.C85,029901(2012)]",
      eprint         = "1106.0687",
      archivePrefix  = "arXiv",
      primaryClass   = "hep-ph",
      SLACcitation   = "%%CITATION = ARXIV:1106.0687;%%"
}

@article{Schreckenbach:1985ep,
      author         = "Schreckenbach, K. and Colvin, G. and Gelletly, W. and Von Feilitzsch, F.",
      title          = "{DETERMINATION OF THE ANTI-NEUTRINO SPECTRUM FROM U-235 THERMAL NEUTRON FISSION PRODUCTS UP TO 9.5-MEV}",
      journal        = "Phys. Lett.",
      volume         = "160B",
      year           = "1985",
      pages          = "325-330",
      doi            = "10.1016/0370-2693(85)91337-1",
      SLACcitation   = "%%CITATION = PHLTA,160B,325;%%"
}

@article{VonFeilitzsch:1982jw,
      author         = "Von Feilitzsch, F. and Hahn, A. A. and Schreckenbach, K.",
      title          = "{EXPERIMENTAL BETA SPECTRA FROM PU-239 AND U-235 THERMAL NEUTRON FISSION PRODUCTS AND THEIR CORRELATED ANTI-NEUTRINOS SPECTRA}",
      journal        = "Phys. Lett.",
      volume         = "118B",
      year           = "1982",
      pages          = "162-166",
      doi            = "10.1016/0370-2693(82)90622-0",
      SLACcitation   = "%%CITATION = PHLTA,118B,162;%%"
}

@phdthesis{Mueller:2010mja,
      author         = "Mueller, Thomas",
      title          = "{Expérience Double Chooz : simulation des spectres antineutrinos issus de réacteurs}",
      school         = "U. Paris-Sud 11, Dept. Phys., Orsay",
      year           = "2010",
      SLACcitation   = "%%CITATION = INSPIRE-1325206;%%"
}

@misc{docdb905,
      author         = "I. El Atmani", 
      title          = "Plots for Blessing: Corrections comparison (Reactor Prediction)",
      year           = "2019",
      type           = "Communication interne à la collaboration \textsc{Stereo}",
      howpublished   = "\url{https://lpsc.in2p3.fr/stereo-private/ShowDocument?docid=905}"
}

@article{Mueller:2011nm,
      author         = "Mueller, Th. A. and others",
      title          = "{Improved Predictions of Reactor Antineutrino Spectra}",
      journal        = "Phys. Rev.",
      volume         = "C83",
      year           = "2011",
      pages          = "054615",
      doi            = "10.1103/PhysRevC.83.054615",
      eprint         = "1101.2663",
      archivePrefix  = "arXiv",
      primaryClass   = "hep-ex",
      reportNumber   = "IRFU-10-280",
      SLACcitation   = "%%CITATION = ARXIV:1101.2663;%%"
}

@article{Vogel:1983hi,
      author         = "Vogel, P.",
      title          = "{Analysis of the Anti-neutrino Capture on Protons}",
      journal        = "Phys. Rev.",
      volume         = "D29",
      year           = "1984",
      pages          = "1918",
      doi            = "10.1103/PhysRevD.29.1918",
      reportNumber   = "CERN-TH-3727",
      SLACcitation   = "%%CITATION = PHRVA,D29,1918;%%"
}

@article{Wilkinson:1998hx,
      author         = "Wilkinson, Denys H.",
      title          = "{Phase space for neutron beta-decay: An update}",
      journal        = "Nucl. Instrum. Meth.",
      volume         = "A404",
      year           = "1998",
      pages          = "305-310",
      doi            = "10.1016/S0168-9002(97)01153-4",
      SLACcitation   = "%%CITATION = NUIMA,A404,305;%%"
}

@article{Vogel:1999zy,
      author         = "Vogel, P. and Beacom, John F.",
      title          = "{Angular distribution of neutron inverse beta decay,
                        anti-neutrino(e) + p ---> e+ + n}",
      journal        = "Phys. Rev.",
      volume         = "D60",
      year           = "1999",
      pages          = "053003",
      doi            = "10.1103/PhysRevD.60.053003",
      eprint         = "hep-ph/9903554",
      archivePrefix  = "arXiv",
      primaryClass   = "hep-ph",
      SLACcitation   = "%%CITATION = HEP-PH/9903554;%%"
}

@misc{docdb711,
      author         = "T. Salagnac", 
      title          = "Absolute normalization of the neutrino flux",
      year           = "2018",
      type           = "Communication interne à la collaboration \textsc{Stereo}",
      howpublished   = "\url{https://lpsc.in2p3.fr/stereo-private/ShowDocument?docid=711}"
}

@misc{docdb165,
      author         = "J-S. Réal", 
      title          = "Light Leaks determination using neutrino run",
      year           = "2016",
      type           = "Communication interne à la collaboration \textsc{Stereo}",
      howpublished   = "\url{https://lpsc.in2p3.fr/stereo-private/ShowDocument?docid=165}"
}

@misc{docdb816,
      author         = "J-S. Réal", 
      title          = "Edep and Range of calibration source",
      year           = "2019",
      type           = "Communication interne à la collaboration \textsc{Stereo}",
      howpublished   = "\url{https://lpsc.in2p3.fr/stereo-private/ShowDocument?docid=816}"
}

@misc{docdb946,
      author         = "D. Lhuillier", 
      title          = "Impact of calibration tube color",
      year           = "2019",
      type           = "Communication interne à la collaboration \textsc{Stereo}",
      howpublished   = "\url{https://lpsc.in2p3.fr/stereo-private/ShowDocument?docid=946}"
}

@article{Reynolds:1963zz,
      author         = "Reynolds, G. T. and Scarl, D. B. and Swanson, R. A. and
                        Waters, J. R. and Zdanis, R. A.",
      title          = "{Muon Capture on Carbon}",
      journal        = "Phys. Rev.",
      volume         = "129",
      year           = "1963",
      pages          = "1790-1794",
      doi            = "10.1103/PhysRev.129.1790",
      SLACcitation   = "%%CITATION = PHRVA,129,1790;%%"
}

@article{Mention:2011rk,
      author         = "Mention, G. and Fechner, M. and Lasserre, Th. and Mueller, Th. A. and Lhuillier, D. and Cribier, M. and Letourneau, A.",
      title          = "{The Reactor Antineutrino Anomaly}",
      journal        = "Phys. Rev.",
      volume         = "D83",
      year           = "2011",
      pages          = "073006",
      doi            = "10.1103/PhysRevD.83.073006",
      eprint         = "1101.2755",
      archivePrefix  = "arXiv",
      primaryClass   = "hep-ex",
      SLACcitation   = "%%CITATION = ARXIV:1101.2755;%%"
}

@misc{docdb810,
      author         = "L. Bernard", 
      title          = "Bakground stability",
      year           = "2019",
      type           = "Communication interne à la collaboration \textsc{Stereo}",
      howpublished   = "\url{https://lpsc.in2p3.fr/stereo-private/ShowDocument?docid=810}"
}

@misc{docdb293,
      author         = "A. Bonhomme", 
      title          = "Updates on correlated background rejection",
      year           = "2019",
      type           = "Communication interne à la collaboration \textsc{Stereo}",
      howpublished   = "\url{https://lpsc.in2p3.fr/stereo-private/ShowDocument?docid=293}"
}

@article{MARSH1995340,
title = "High resolution measurements of neutron energy spectra from AmBe and AmB neutron sources",
journal = "Nuclear Instruments and Methods in Physics Research Section A: Accelerators, Spectrometers, Detectors and Associated Equipment",
volume = "366",
number = "2",
pages = "340 - 348",
year = "1995",
issn = "0168-9002",
doi = "https://doi.org/10.1016/0168-9002(95)00613-3",
url = "http://www.sciencedirect.com/science/article/pii/0168900295006133",
author = "J.W. Marsh and D.J. Thomas and M. Burke",
abstract = "A 3He sandwich spectrometer incorporating two semiconductor detectors and a proportional counter region has been designed and constructed to perform high resolution measurements of neutron energy spectra in the energy range 100 keV to 15 MeV. The efficiency of the spectrometer was determined experimentally, using a 252Cf spontaneous fission source, in the low-scatter facility of the National Physical Laboratory. The Monte Carlo technique was also used to determine the efficiency and these calculated values were used to extrapolate the measured efficiency to higher energies. The neutron energy spectra from two different sized AmBe neutron sources and an AmB neutron source were measured. Although these spectra have been measured previously, the present work represents an improvement in the energy resolution and extends the energy range. Average values for dose equivalent quantities for neutrons from these sources are also presented. The spectral data is available from the authors, as a printed table or on a computer diskette, on request."
}

@misc{docdb319,
      author         = "H. Almazan", 
      title          = "Preliminary results on the neutron capture efficiency",
      year           = "2017",
      type           = "Communication interne à la collaboration \textsc{Stereo}",
      howpublished   = "\url{https://lpsc.in2p3.fr/stereo-private/ShowDocument?docid=319}"
}


@misc{docdb587,
      author         = "A. Bonhomme and A. Letourneau and D. Lhuillier and V. Savu", 
      title          = "PSD fit phase II",
      year           = "2018",
      type           = "Communication interne à la collaboration \textsc{Stereo}",
      howpublished   = "\url{https://lpsc.in2p3.fr/stereo-private/ShowDocument?docid=587}"
}

@misc{docdb872,
      author         = "D. Lhuillier", 
      title          = "BLESSED: $1/L^2$ law",
      year           = "2019",
      type           = "Communication interne à la collaboration \textsc{Stereo}",
      howpublished   = "\url{https://lpsc.in2p3.fr/stereo-private/ShowDocument?docid=872}"
}

@misc{docdb840,
      author         = "D. Lhuillier", 
      title          = "Systematics phase-II",
      year           = "2019",
      type           = "Communication interne à la collaboration \textsc{Stereo}",
      howpublished   = "\url{https://lpsc.in2p3.fr/stereo-private/ShowDocument?docid=840}"
}

@article{Dentler:2018sju,
      author         = "Dentler, Mona and Hernández-Cabezudo, Álvaro and Kopp,
                        Joachim and Machado, Pedro A. N. and Maltoni, Michele and
                        Martinez-Soler, Ivan and Schwetz, Thomas",
      title          = "{Updated Global Analysis of Neutrino Oscillations in the
                        Presence of eV-Scale Sterile Neutrinos}",
      journal        = "JHEP",
      volume         = "08",
      year           = "2018",
      pages          = "010",
      doi            = "10.1007/JHEP08(2018)010",
      eprint         = "1803.10661",
      archivePrefix  = "arXiv",
      primaryClass   = "hep-ph",
      reportNumber   = "MITP-18-023, IFT-UAM-CSIC-18-033, MITP/18-023,
                        FERMILAB-PUB-18-086-T, IFT-UAM/CSIC-18-033",
      SLACcitation   = "%%CITATION = ARXIV:1803.10661;%%"
}

@article{Serebrov:2018vdw,
      author         = "Serebrov, A. P. and others",
      title          = "{First Observation of the Oscillation Effect in the
                        Neutrino-4 Experiment on the Search for the Sterile
                        Neutrino}",
      collaboration  = "NEUTRINO-4",
      journal        = "Pisma Zh. Eksp. Teor. Fiz.",
      volume         = "109",
      year           = "2019",
      number         = "4",
      pages          = "209-218",
      doi            = "10.1134/S0021364019040040",
      note           = "[JETP Lett.109,no.4,213(2019)]",
      eprint         = "1809.10561",
      archivePrefix  = "arXiv",
      primaryClass   = "hep-ex",
      SLACcitation   = "%%CITATION = ARXIV:1809.10561;%%"
}

@article{Padovani:2018acg,
      author         = "Padovani, P. and Giommi, P. and Resconi, E. and Glauch, T. and Arsioli, B. and Sahakyan, N. and Huber, M.",
      title          = "{Dissecting the region around IceCube-170922A: the blazar TXS 0506+056 as the first cosmic neutrino source}",
      journal        = "Mon. Not. Roy. Astron. Soc.",
      volume         = "480",
      year           = "2018",
      number         = "1",
      pages          = "192-203",
      doi            = "10.1093/mnras/sty1852",
      eprint         = "1807.04461",
      archivePrefix  = "arXiv",
      primaryClass   = "astro-ph.HE",
      SLACcitation   = "%%CITATION = ARXIV:1807.04461;%%"
}

@article{Reynolds:1950knz,
      author         = "Reynolds, George T. and Harrison, F. B. and Salvini, G.",
      title          = "{Liquid Scintillation Counters}",
      journal        = "Phys. Rev.",
      volume         = "78",
      year           = "1950",
      number         = "4",
      pages          = "488",
      doi            = "10.1103/PhysRev.78.488",
      SLACcitation   = "%%CITATION = PHRVA,78,488;%%"
}

@article{Reines:1997bk,
      author         = "Reines, F. and Cowan, C.",
      title          = "{The Reines-Cowan experiments: Detecting the
                        Poltergeist}",
      journal        = "Los Alamos Sci.",
      volume         = "25",
      year           = "1997",
      pages          = "4-27",
      SLACcitation   = "%%CITATION = LASCD,25,4;%%"
}

@article{Reines:1960pr,
      author         = "Reines, F. and Cowan, C. L. and Harrison, F. B. and
                        McGuire, A. D. and Kruse, H. W.",
      title          = "{Detection of the free anti-neutrino}",
      journal        = "Phys. Rev.",
      volume         = "117",
      year           = "1960",
      pages          = "159-173",
      doi            = "10.1103/PhysRev.117.159",
      SLACcitation   = "%%CITATION = PHRVA,117,159;%%"
}

@article{Bienlein:1986gk,
      author         = "Bienlein, J. K. and others",
      title          = "{Spark chamber study of high-energy neutrino
                        interactions}",
      journal        = "Phys. Lett.",
      volume         = "13",
      year           = "1964",
      pages          = "80-86",
      doi            = "10.1016/0031-9163(64)90316-6",
      SLACcitation   = "%%CITATION = PHLTA,13,80;%%"
}

@article{Kodama:2000mp,
      author         = "Kodama, K. and others",
      title          = "{Observation of tau neutrino interactions}",
      collaboration  = "DONUT",
      journal        = "Phys. Lett.",
      volume         = "B504",
      year           = "2001",
      pages          = "218-224",
      doi            = "10.1016/S0370-2693(01)00307-0",
      eprint         = "hep-ex/0012035",
      archivePrefix  = "arXiv",
      primaryClass   = "hep-ex",
      reportNumber   = "FERMILAB-PUB-00-335-E",
      SLACcitation   = "%%CITATION = HEP-EX/0012035;%%"
}

@article{ALEPH:2005ab,
      author         = "Schael, S. and others",
      title          = "{Precision electroweak measurements on the $Z$
                        resonance}",
      collaboration  = "ALEPH, DELPHI, L3, OPAL, SLD, LEP Electroweak Working
                        Group, SLD Electroweak Group, SLD Heavy Flavour Group",
      journal        = "Phys. Rept.",
      volume         = "427",
      year           = "2006",
      pages          = "257-454",
      doi            = "10.1016/j.physrep.2005.12.006",
      eprint         = "hep-ex/0509008",
      archivePrefix  = "arXiv",
      primaryClass   = "hep-ex",
      reportNumber   = "SLAC-R-774",
      SLACcitation   = "%%CITATION = HEP-EX/0509008;%%"
}

@article{Bahcall:1987jc,
      author         = "Bahcall, John N. and Ulrich, Roger K.",
      title          = "{Solar Models, Neutrino Experiments and Helioseismology}",
      journal        = "Rev. Mod. Phys.",
      volume         = "60",
      year           = "1988",
      pages          = "297-372",
      doi            = "10.1103/RevModPhys.60.297",
      reportNumber   = "IASSNS-AST-87-1",
      SLACcitation   = "%%CITATION = RMPHA,60,297;%%"
}

@article{Davis:1968cp,
      author         = "Davis, Jr., Raymond and Harmer, Don S. and Hoffman,
                        Kenneth C.",
      title          = "{Search for neutrinos from the sun}",
      journal        = "Phys. Rev. Lett.",
      volume         = "20",
      year           = "1968",
      pages          = "1205-1209",
      doi            = "10.1103/PhysRevLett.20.1205",
      SLACcitation   = "%%CITATION = PRLTA,20,1205;%%"
}

@article{Pontecorvo:1957qd,
      author         = "Pontecorvo, B.",
      title          = "{Inverse beta processes and nonconservation of lepton
                        charge}",
      journal        = "Sov. Phys. JETP",
      volume         = "7",
      year           = "1958",
      pages          = "172-173",
      note           = "[Zh. Eksp. Teor. Fiz.34,247(1957)]",
      SLACcitation   = "%%CITATION = SPHJA,7,172;%%"
}

@article{Maki:1962mu,
      author         = "Maki, Ziro and Nakagawa, Masami and Sakata, Shoichi",
      title          = "{Remarks on the unified model of elementary particles}",
      journal        = "Prog. Theor. Phys.",
      volume         = "28",
      year           = "1962",
      pages          = "870-880",
      doi            = "10.1143/PTP.28.870",
      note           = "[,34(1962)]",
      SLACcitation   = "%%CITATION = PTPKA,28,870;%%"
}

@article{Abazov:1991rx,
      author         = "Abazov, A. I. and others",
      title          = "{Search for neutrinos from sun using the reaction Ga-71
                        (electron-neutrino e-) Ge-71}",
      journal        = "Phys. Rev. Lett.",
      volume         = "67",
      year           = "1991",
      pages          = "3332-3335",
      doi            = "10.1103/PhysRevLett.67.3332",
      SLACcitation   = "%%CITATION = PRLTA,67,3332;%%"
}

@article{Hampel:1998xg,
      author         = "Hampel, W. and others",
      title          = "{GALLEX solar neutrino observations: Results for GALLEX
                        IV}",
      collaboration  = "GALLEX",
      journal        = "Phys. Lett.",
      volume         = "B447",
      year           = "1999",
      pages          = "127-133",
      doi            = "10.1016/S0370-2693(98)01579-2",
      reportNumber   = "DAPNIA-SPP-98-19, GX-127-1998, CHEM-BNL-C-4655-1998,
                        MPI-H-V37-1998",
      SLACcitation   = "%%CITATION = PHLTA,B447,127;%%"
}

@article{Mention:2017dyq,
      author         = "Mention, G. and Vivier, M. and Gaffiot, J. and Lasserre, T. and Letourneau, A. and Materna, T.",
      title          = "{Reactor antineutrino shoulder explained by energy scale nonlinearities?}",
      journal        = "Phys. Lett.",
      volume         = "B773",
      year           = "2017",
      pages          = "307-312",
      doi            = "10.1016/j.physletb.2017.08.035",
      eprint         = "1705.09434",
      archivePrefix  = "arXiv",
      primaryClass   = "hep-ex",
      SLACcitation   = "%%CITATION = ARXIV:1705.09434;%%"
}

@misc{docdb469,
      author         = "D. Lhuillier", 
      title          = "Volume of target cells",
      year           = "2017",
      type           = "Communication interne à la collaboration \textsc{Stereo}",
      howpublished   = "\url{https://lpsc.in2p3.fr/stereo-private/ShowDocument?docid=469}"
}

@misc{docdb149,
      author         = "D. Lhuillier", 
      title          = "Deformation of target aquarium",
      year           = "2016",
      type           = "Communication interne à la collaboration \textsc{Stereo}",
      howpublished   = "\url{https://lpsc.in2p3.fr/stereo-private/ShowDocument?docid=149}"
}

@misc{docdb849,
      author         = "L. Bernard", 
      title          = "Moriond 2019 Slides",
      year           = "2019",
      type           = "Communication interne à la collaboration \textsc{Stereo}",
      howpublished   = "\url{https://lpsc.in2p3.fr/stereo-private/ShowDocument?docid=849}"
}

@article{10.1093/qjmam/1.1.287,
    author = {TURING, A. M.},
    title = "{ROUNDING-OFF ERRORS IN MATRIX PROCESSES}",
    journal = {The Quarterly Journal of Mechanics and Applied Mathematics},
    volume = {1},
    number = {1},
    pages = {287-308},
    year = {1948},
    month = {01},
    abstract = "{A number of methods of solving sets of linear equations and inverting matrices are discussed. The theory of the rounding-off errors involved is investigated for some of the methods. In all cases examined, including the well-known ‘Gauss elimination process’, it is found that the errors are normally quite moderate: no exponential build-up need occur.Included amongst the methods considered is a generalization of Choleski's method which appears to have advantages over other known methods both as regards accuracy and convenience. This method may also be regarded as a rearrangement of the elimination process.}",
    issn = {0033-5614},
    doi = {10.1093/qjmam/1.1.287},
    url = {https://doi.org/10.1093/qjmam/1.1.287},
    eprint = {http://oup.prod.sis.lan/qjmam/article-pdf/1/1/287/5323145/1-1-287.pdf},
}

@article{Ashenfelter:2018iov,
      author         = "Ashenfelter, J. and others",
      title          = "{First search for short-baseline neutrino oscillations at
                        HFIR with PROSPECT}",
      collaboration  = "PROSPECT",
      journal        = "Phys. Rev. Lett.",
      volume         = "121",
      year           = "2018",
      number         = "25",
      pages          = "251802",
      doi            = "10.1103/PhysRevLett.121.251802",
      eprint         = "1806.02784",
      archivePrefix  = "arXiv",
      primaryClass   = "hep-ex",
      SLACcitation   = "%%CITATION = ARXIV:1806.02784;%%"
}

@article{LASSERRE201481,
title = "Light sterile neutrinos in particle physics: Experimental status",
journal = "Physics of the Dark Universe",
volume = "4",
pages = "81 - 85",
year = "2014",
note = "DARK TAUP2013",
issn = "2212-6864",
doi = "https://doi.org/10.1016/j.dark.2014.10.001",
url = "http://www.sciencedirect.com/science/article/pii/S2212686414000284",
author = "Thierry Lasserre",
keywords = "Neutrino oscillation, Neutrino mixing, Sterile neutrinos",
abstract = "Most of the neutrino oscillation results can be explained by the three-neutrino paradigm. However several anomalies in short baseline oscillation data, corresponding to an L/E of about 1 m/MeV, could be interpreted by invoking a hypothetical fourth neutrino. This new state would be separated from the three standard neutrinos by a squared mass difference Δmnew2∼0.1–1eV2 and would have mixing angles of sin22θee≳0.01 and sin22θμe≳0.001, in the electron disappearance and appearance channels, respectively. This new neutrino, often called sterile, would not feel standard model interactions but mix with the others. Such a scenario calling for new physics beyond the standard model has to be either ruled out or confirmed with new data. After a brief review of the anomalous oscillation results we discuss the forthcoming laboratory experiments aiming to clarify the situation."
}

@article{Vogel:1999zy,
      author         = "Vogel, P. and Beacom, John F.",
      title          = "{Angular distribution of neutron inverse beta decay,
                        anti-neutrino(e) + p ---> e+ + n}",
      journal        = "Phys. Rev.",
      volume         = "D60",
      year           = "1999",
      pages          = "053003",
      doi            = "10.1103/PhysRevD.60.053003",
      eprint         = "hep-ph/9903554",
      archivePrefix  = "arXiv",
      primaryClass   = "hep-ph",
      SLACcitation   = "%%CITATION = HEP-PH/9903554;%%"
}

@misc{docdb136,
      author         = "del Amo Sanchez P. and Soldner T.", 
      title          = "Calibration source certificates",
      year           = "2016",
      type           = "Communication interne à la collaboration \textsc{Stereo}",
      howpublished   = "\url{https://lpsc.in2p3.fr/stereo-private/ShowDocument?docid=136}"
}

@misc{docdb468,
      author         = "Blanchet A.", 
      title          = "Quenching Analysis using Energy Reconstruction",
      year           = "2016",
      type           = "Communication interne à la collaboration \textsc{Stereo}",
      howpublished   = "\url{https://lpsc.in2p3.fr/stereo-private/ShowDocument?docid=468}"
}

@misc{docdb706,
      author         = "Bernard L.", 
      title          = "Neutrino simulation : acceptance of selection cuts",
      year           = "2019",
      type           = "Communication interne à la collaboration \textsc{Stereo}",
      howpublished   = "\url{https://lpsc.in2p3.fr/stereo-private/ShowDocument?docid=706}"
}

@misc{docdb665,
      author         = "Bonhomme A.", 
      title          = "[PLOTS] Neutrino extraction",
      year           = "2018",
      type           = "Communication interne à la collaboration \textsc{Stereo}",
      howpublished   = "\url{https://lpsc.in2p3.fr/stereo-private/ShowDocument?docid=665}"
}

@misc{docdb722,
      author         = "Bernard L.", 
      title          = "PSD vs temperature correlation",
      year           = "2018",
      type           = "Communication interne à la collaboration \textsc{Stereo}",
      howpublished   = "\url{https://lpsc.in2p3.fr/stereo-private/ShowDocument?docid=722}"
}

@article{CIS-6239,
  Author = {Cox, D. R. and Snell, E. J.},
  Title = {A general definition of residuals (with discussion)},
  Journal = {Journal of the Royal Statistical Society, Series B: Methodological},
  Volume = {30},
  Year = {1968},
  Pages = {248--275},
  Keywords = {Asymptotics, Non-normal errors}
}

@misc{docdb966,
      author         = "Bernard L.", 
      title          = "BLESSED : neutrino extraction example with residuals for one cell and one energy bin",
      year           = "2019",
      type           = "Communication interne à la collaboration \textsc{Stereo}",
      howpublished   = "\url{https://lpsc.in2p3.fr/stereo-private/ShowDocument?docid=966}"
}

@misc{docdb936,
      author         = "Savu V.", 
      title          = "Cross-check of the extraction of the neutrino rates",
      year           = "2019",
      type           = "Communication interne à la collaboration \textsc{Stereo}",
      howpublished   = "\url{https://lpsc.in2p3.fr/stereo-private/ShowDocument?docid=936}"
}

@article{doi:10.1146/annurev-astro-081811-125539,
author = {Haxton, W.C. and Hamish Robertson, R.G. and Serenelli, Aldo M.},
title = {Solar Neutrinos: Status and Prospects},
journal = {Annual Review of Astronomy and Astrophysics},
volume = {51},
number = {1},
pages = {21-61},
year = {2013},
doi = {10.1146/annurev-astro-081811-125539},

URL = { 
        https://doi.org/10.1146/annurev-astro-081811-125539
    
},
eprint = { 
        https://doi.org/10.1146/annurev-astro-081811-125539
    
}
,
    abstract = { We describe the current status of solar neutrino measurements and of the theory—both neutrino physics and solar astrophysics—employed in interpreting measurements. Important recent developments include Super-Kamiokande's determination of the ν−e elastic scattering rate for 8B neutrinos to 3\%; the latest Sudbury Neutrino Observatory (SNO) global analysis in which the inclusion of low-energy data from SNO I and II significantly narrowed the range of allowed values for the neutrino mixing angle θ12; Borexino results for both the 7Be and proton-electron-proton (pep) neutrino fluxes, the first direct measurements constraining the rate of proton-proton (pp) I and pp II burning in the Sun; global reanalyses of solar neutrino data that take into account new reactor results on θ13; a new decadal evaluation of the nuclear physics of the pp chain and CNO cycle defining best values and uncertainties in the nuclear microphysics input to solar models; recognition of an emerging discrepancy between two tests of solar metallicity, helioseismological mappings of the sound speed in the solar interior, and analyses of the metal photoabsorption lines based on our best current description of the Sun's photosphere; a new round of standard solar model calculations optimized to agree either with helioseismology or with the new photospheric analysis; and, motivated by the solar abundance problem, the development of nonstandard, accreting solar models, in order to investigate possible consequences of the metal segregation that occurred in the proto-solar disk. We review this progress and describe how new experiments such as SNO+ could help us further exploit neutrinos as a unique probe of stellar interiors. }
}


@article{Fukuda:1996sz,
      author         = "Fukuda, Y. and others",
      title          = "{Solar neutrino data covering solar cycle 22}",
      collaboration  = "Kamiokande",
      journal        = "Phys. Rev. Lett.",
      volume         = "77",
      year           = "1996",
      pages          = "1683-1686",
      doi            = "10.1103/PhysRevLett.77.1683",
      reportNumber   = "ICRR-372-96-23, KEK-PREPRINT-96-94, TOHOKU-HEP-96-03, INS-1155, TKU-PAP-96-01, TIT-HPE-96-08, OULNS-96-03",
      SLACcitation   = "%%CITATION = PRLTA,77,1683;%%"
}

@article{Abe:2016nxk,
      author         = "Abe, K. and others",
      title          = "{Solar Neutrino Measurements in Super-Kamiokande-IV}",
      collaboration  = "Super-Kamiokande",
      journal        = "Phys. Rev.",
      volume         = "D94",
      year           = "2016",
      number         = "5",
      pages          = "052010",
      doi            = "10.1103/PhysRevD.94.052010",
      eprint         = "1606.07538",
      archivePrefix  = "arXiv",
      primaryClass   = "hep-ex",
      SLACcitation   = "%%CITATION = ARXIV:1606.07538;%%"
}

@article{Fukuda:1998mi,
      author         = "Fukuda, Y. and others",
      title          = "{Evidence for oscillation of atmospheric neutrinos}",
      collaboration  = "Super-Kamiokande",
      journal        = "Phys. Rev. Lett.",
      volume         = "81",
      year           = "1998",
      pages          = "1562-1567",
      doi            = "10.1103/PhysRevLett.81.1562",
      eprint         = "hep-ex/9807003",
      archivePrefix  = "arXiv",
      primaryClass   = "hep-ex",
      reportNumber   = "BU-98-17, ICRR-REPORT-422-98-18, UCI-98-8, KEK-PREPRINT-98-95, LSU-HEPA-5-98, UMD-98-003, SBHEP-98-5, TKU-PAP-98-06, TIT-HPE-98-09",
      SLACcitation   = "%%CITATION = HEP-EX/9807003;%%"
}

@article{Aharmim:2011vm,
      author         = "Aharmim, B. and others",
      title          = "{Combined Analysis of all Three Phases of Solar Neutrino Data from the Sudbury Neutrino Observatory}",
      collaboration  = "SNO",
      journal        = "Phys. Rev.",
      volume         = "C88",
      year           = "2013",
      pages          = "025501",
      doi            = "10.1103/PhysRevC.88.025501",
      eprint         = "1109.0763",
      archivePrefix  = "arXiv",
      primaryClass   = "nucl-ex",
      SLACcitation   = "%%CITATION = ARXIV:1109.0763;%%"
}

@article{Franco:2013zwa,
      author         = "Franco, D. and others",
      title          = "{Solar neutrino results from Borexino}",
      booktitle      = "{Proceedings, Neutrino Oscillation Workshop (NOW 2012):Lecce, Italy, September 9-15, 2012}",
      journal        = "Nucl. Phys. Proc. Suppl.",
      volume         = "237-238",
      year           = "2013",
      pages          = "104-106",
      doi            = "10.1016/j.nuclphysbps.2013.04.068",
      SLACcitation   = "%%CITATION = NUPHZ,237-238,104;%%"
}

@article{Smirnov:2016xzf,
      author         = "Smirnov, A. Yu.",
      title          = "{Solar neutrinos: Oscillations or No-oscillations?}",
      year           = "2016",
      eprint         = "1609.02386",
      archivePrefix  = "arXiv",
      primaryClass   = "hep-ph",
      SLACcitation   = "%%CITATION = ARXIV:1609.02386;%%"
}

@article{Gando:2013nba,
      author         = "Gando, A. and others",
      title          = "{Reactor On-Off Antineutrino Measurement with KamLAND}",
      collaboration  = "KamLAND",
      journal        = "Phys. Rev.",
      volume         = "D88",
      year           = "2013",
      number         = "3",
      pages          = "033001",
      doi            = "10.1103/PhysRevD.88.033001",
      eprint         = "1303.4667",
      archivePrefix  = "arXiv",
      primaryClass   = "hep-ex",
      SLACcitation   = "%%CITATION = ARXIV:1303.4667;%%"
}

@article{Barger:1980jm,
      author         = "Barger, Vernon D. and Whisnant, K. and Phillips, R. J. N.",
      title          = "{CP Violation in Three Neutrino Oscillations}",
      journal        = "Phys. Rev. Lett.",
      volume         = "45",
      year           = "1980",
      pages          = "2084",
      doi            = "10.1103/PhysRevLett.45.2084",
      reportNumber   = "DOE-ER/00881-177",
      SLACcitation   = "%%CITATION = PRLTA,45,2084;%%"
}

@article{Giganti:2017fhf,
      author         = "Giganti, Claudio and Lavignac, Stéphane and Zito, Marco",
      title          = "{Neutrino oscillations: the rise of the PMNS paradigm}",
      journal        = "Prog. Part. Nucl. Phys.",
      volume         = "98",
      year           = "2018",
      pages          = "1-54",
      doi            = "10.1016/j.ppnp.2017.10.001",
      eprint         = "1710.00715",
      archivePrefix  = "arXiv",
      primaryClass   = "hep-ex",
      SLACcitation   = "%%CITATION = ARXIV:1710.00715;%%"
}

@Article{Esteban2017,
author="Esteban, Ivan
and Gonzalez-Garcia, M. C.
and Maltoni, Michele
and Martinez-Soler, Ivan
and Schwetz, Thomas",
title="Updated fit to three neutrino mixing: exploring the accelerator-reactor complementarity",
journal="Journal of High Energy Physics",
year="2017",
month="Jan",
day="20",
volume="2017",
number="1",
pages="87",
abstract="We perform a combined fit to global neutrino oscillation data available as of fall 2016 in the scenario of three-neutrino oscillations and present updated allowed ranges of the six oscillation parameters. We discuss the differences arising between the consistent combination of the data samples from accelerator and reactor experiments compared to partial combinations. We quantify the confidence in the determination of the less precisely known parameters $\theta$23, $\delta$CP, and the neutrino mass ordering by performing a Monte Carlo study of the long baseline accelerator and reactor data. We find that the sensitivity to the mass ordering and the $\theta$23 octant is below 1$\sigma$. Maximal $\theta$23 mixing is allowed at slightly more than 90{\%} CL. The best fit for the CP violating phase is around 270{\textdegree}, CP conservation is allowed at slightly above 1$\sigma$, and values of $\delta$CP ≃ 90{\textdegree} are disfavored at around 99{\%} CL for normal ordering and higher CL for inverted ordering.",
issn="1029-8479",
doi="10.1007/JHEP01(2017)087",
url="https://doi.org/10.1007/JHEP01(2017)087"
}


@article{Gariazzo:2017fdh,
      author         = "Gariazzo, S. and Giunti, C. and Laveder, M. and Li, Y. F.",
      title          = "{Updated Global 3+1 Analysis of Short-BaseLine Neutrino Oscillations}",
      journal        = "JHEP",
      volume         = "06",
      year           = "2017",
      pages          = "135",
      doi            = "10.1007/JHEP06(2017)135",
      eprint         = "1703.00860",
      archivePrefix  = "arXiv",
      primaryClass   = "hep-ph",
      SLACcitation   = "%%CITATION = ARXIV:1703.00860;%%"
}

@article{PhysRevC.88.014605,
  title = {Improved calculation of the energy release in neutron-induced fission},
  author = {Ma, X. B. and Zhong, W. L. and Wang, L. Z. and Chen, Y. X. and Cao, J.},
  journal = {Phys. Rev. C},
  volume = {88},
  issue = {1},
  pages = {014605},
  numpages = {6},
  year = {2013},
  month = {Jul},
  publisher = {American Physical Society},
  doi = {10.1103/PhysRevC.88.014605},
  url = {https://link.aps.org/doi/10.1103/PhysRevC.88.014605}
}

@misc{docdb342,
      author         = "Lhuillier D.", 
      title          = "{HFR's Power Measurement And Its Uncertainty}",
      year           = "2018",
      type           = "Communication interne à la collaboration \textsc{Stereo}",
      howpublished   = "\url{https://lpsc.in2p3.fr/stereo-private/ShowDocument?docid=342}"
}

@article{Giunti:2019qlt,
      author         = "Giunti, C. and Li, Y. F. and Littlejohn, B. R. and Surukuchi, P. T.",
      title          = "{Diagnosing the Reactor Antineutrino Anomaly with Global Antineutrino Flux Data}",
      journal        = "Phys. Rev.",
      volume         = "D99",
      year           = "2019",
      number         = "7",
      pages          = "073005",
      doi            = "10.1103/PhysRevD.99.073005",
      eprint         = "1901.01807",
      archivePrefix  = "arXiv",
      primaryClass   = "hep-ph",
      SLACcitation   = "%%CITATION = ARXIV:1901.01807;%%"
}

@article{DayaBay:2012aa,
      author         = "An, F. P. and others",
      title          = "{A side-by-side comparison of Daya Bay antineutrino detectors}",
      collaboration  = "Daya Bay",
      journal        = "Nucl. Instrum. Meth.",
      volume         = "A685",
      year           = "2012",
      pages          = "78-97",
      doi            = "10.1016/j.nima.2012.05.030",
      eprint         = "1202.6181",
      archivePrefix  = "arXiv",
      primaryClass   = "physics.ins-det",
      SLACcitation   = "%%CITATION = ARXIV:1202.6181;%%"
}

@article{10.2307/1268518,
 ISSN = {00401706},
 URL = {http://www.jstor.org/stable/1268518},
 abstract = {Consider the ridge estimate β̂(λ) for β in the model y=Xβ +ε,ε ∼ N(0,σ 2I), σ 2 unknown, β̂(λ)=(XTX+nλ I)-1 XTy. We study the method of generalized cross-validation (GCV) for choosing a good value λ̂ for λ, from the data. The estimate λ̂ is the minimizer of V(λ) given by $V(\lambda)=\frac{1}{n}\|(I-A(\lambda))y\|^{2}/\left[\frac{1}{n}\text{Trace}(I-A(\lambda))\right]^{2}$, where A(λ)=X(XTX+nλ I)-1XT. This estimate is a rotation-invariant version of Allen's PRESS, or ordinary cross-validation. This estimate behaves like a risk improvement estimator, but does not require an estimate of σ 2, so can be used when n - p is small, or even if p ≥ n in certain cases. The GCV method can also be used in subset selection and singular value truncation methods for regression, and even to choose from among mixtures of these methods.},
 author = {Gene H. Golub and Michael Heath and Grace Wahba},
 journal = {Technometrics},
 number = {2},
 pages = {215--223},
 publisher = {[Taylor & Francis, Ltd., American Statistical Association, American Society for Quality]},
 title = {Generalized Cross-Validation as a Method for Choosing a Good Ridge Parameter},
 volume = {21},
 year = {1979}
}

@article{Kuvshinnikov:1990ry,
      author         = "Kuvshinnikov, A. A. and Mikaelyan, L. A. and Nikolaev, S. V. and Skorokhvatov, M. D. and Etenko, A. V.",
      title          = "{Measuring the anti-electron-neutrino + p ---> n + e+ cross-section and beta decay axial constant in a new experiment at Rovno NPP reactor. (In Russian)}",
      journal        = "JETP Lett.",
      volume         = "54",
      year           = "1991",
      pages          = "253-257",
      note           = "[Sov. J. Nucl. Phys.52,300(1990)]",
      SLACcitation   = "%%CITATION = JTPLA,54,253;%%"
}

@article{Sonzogni:2015aoa,
      author         = "Sonzogni, A. A. and Johnson, T. D. and McCutchan, E. A.",
      title          = "{Nuclear structure insights into reactor antineutrino spectra}",
      journal        = "Phys. Rev.",
      volume         = "C91",
      year           = "2015",
      number         = "1",
      pages          = "011301",
      doi            = "10.1103/PhysRevC.91.011301",
      SLACcitation   = "%%CITATION = PHRVA,C91,011301;%%"
}

@article{Hahn:1989zr,
      author         = "Hahn, A. A. and Schreckenbach, K. and Colvin, G. and Krusche, B. and Gelletly, W. and Von Feilitzsch, F.",
      title          = "{Anti-neutrino Spectra From $^{241}$Pu and $^{239}$Pu Thermal Neutron Fission Products}",
      journal        = "Phys. Lett.",
      volume         = "B218",
      year           = "1989",
      pages          = "365-368",
      doi            = "10.1016/0370-2693(89)91598-0",
      SLACcitation   = "%%CITATION = PHLTA,B218,365;%%"
}

@article{Zacek:1986cu,
      author         = "Zacek, G. and others",
      title          = "{Neutrino Oscillation Experiments at the Gosgen Nuclear Power Reactor}",
      collaboration  = "CALTECH-SIN-TUM",
      journal        = "Phys. Rev.",
      volume         = "D34",
      year           = "1986",
      pages          = "2621-2636",
      doi            = "10.1103/PhysRevD.34.2621",
      SLACcitation   = "%%CITATION = PHRVA,D34,2621;%%"
}

@article{Achkar:1996rd,
      author         = "Achkar, B. and others",
      title          = "{Comparison of anti-neutrino reactor spectrum models with the Bugey-3 measurements}",
      journal        = "Phys. Lett.",
      volume         = "B374",
      year           = "1996",
      pages          = "243-248",
      doi            = "10.1016/0370-2693(96)00216-X",
      reportNumber   = "LAPP-EXP-96-02, CPPM-96-02, ISN-96-10, LPC-96-05",
      SLACcitation   = "%%CITATION = PHLTA,B374,243;%%"
}

@article{Lhuillier:2013qza,
      author         = "Lhuillier, D.",
      title          = "{Reactor flux calculations}",
      booktitle      = "{Proceedings, 25th International Conference on Neutrino Physics and Astrophysics (Neutrino 2012): Kyoto, Japan, June 4-9, 2012}",
      journal        = "Nucl. Phys. Proc. Suppl.",
      volume         = "235-236",
      year           = "2013",
      pages          = "11-16",
      doi            = "10.1016/j.nuclphysbps.2013.03.004",
      SLACcitation   = "%%CITATION = NUPHZ,235-236,11;%%"
}

@article{Tanabashi:2018oca,
      author         = "Tanabashi, M. and others",
      title          = "{Review of Particle Physics}",
      collaboration  = "Particle Data Group",
      journal        = "Phys. Rev.",
      volume         = "D98",
      year           = "2018",
      number         = "3",
      pages          = "030001",
      doi            = "10.1103/PhysRevD.98.030001",
      SLACcitation   = "%%CITATION = PHRVA,D98,030001;%%"
}


@article{Giunti:2010zu,
      author         = "Giunti, Carlo and Laveder, Marco",
      title          = "{Statistical Significance of the Gallium Anomaly}",
      journal        = "Phys. Rev.",
      volume         = "C83",
      year           = "2011",
      pages          = "065504",
      doi            = "10.1103/PhysRevC.83.065504",
      eprint         = "1006.3244",
      archivePrefix  = "arXiv",
      primaryClass   = "hep-ph",
      SLACcitation   = "%%CITATION = ARXIV:1006.3244;%%"
}

@article{Aguilar:2001ty,
      author         = "Aguilar-Arevalo, A. and others",
      title          = "{Evidence for neutrino oscillations from the observation of anti-neutrino(electron) appearance in a anti-neutrino(muon) beam}",
      collaboration  = "LSND",
      journal        = "Phys. Rev.",
      volume         = "D64",
      year           = "2001",
      pages          = "112007",
      doi            = "10.1103/PhysRevD.64.112007",
      eprint         = "hep-ex/0104049",
      archivePrefix  = "arXiv",
      primaryClass   = "hep-ex",
      SLACcitation   = "%%CITATION = HEP-EX/0104049;%%"
}

@article{Armbruster:2002mp,
      author         = "Armbruster, B. and others",
      title          = "{Upper limits for neutrino oscillations muon-anti-neutrino ---> electron-anti-neutrino from muon decay at rest}",
      collaboration  = "KARMEN",
      journal        = "Phys. Rev.",
      volume         = "D65",
      year           = "2002",
      pages          = "112001",
      doi            = "10.1103/PhysRevD.65.112001",
      eprint         = "hep-ex/0203021",
      archivePrefix  = "arXiv",
      primaryClass   = "hep-ex",
      SLACcitation   = "%%CITATION = HEP-EX/0203021;%%"
}

@article{Aguilar-Arevalo:2018gpe,
      author         = "Aguilar-Arevalo, A. A. and others",
      title          = "{Significant Excess of ElectronLike Events in the MiniBooNE Short-Baseline Neutrino Experiment}",
      collaboration  = "MiniBooNE",
      journal        = "Phys. Rev. Lett.",
      volume         = "121",
      year           = "2018",
      number         = "22",
      pages          = "221801",
      doi            = "10.1103/PhysRevLett.121.221801",
      eprint         = "1805.12028",
      archivePrefix  = "arXiv",
      primaryClass   = "hep-ex",
      reportNumber   = "LA-UR-18-24586, FERMILAB-PUB-18-219",
      SLACcitation   = "%%CITATION = ARXIV:1805.12028;%%"
}


@misc{maltoni_michele_2018_1287015,
  author       = {Maltoni, Michele},
  title        = {Sterile Neutrinos — the Global Picture},
  month        = jun,
  year         = 2018,
  doi          = {10.5281/zenodo.1287015},
  url          = {https://doi.org/10.5281/zenodo.1287015}
}

@article{Antonello:2015lea,
      author         = "Antonello, M. and others",
      title          = "{A Proposal for a Three Detector Short-Baseline Neutrino Oscillation Program in the Fermilab Booster Neutrino Beam}",
      collaboration  = "MicroBooNE, LAr1-ND, ICARUS-WA104",
      year           = "2015",
      eprint         = "1503.01520",
      archivePrefix  = "arXiv",
      primaryClass   = "physics.ins-det",
      SLACcitation   = "%%CITATION = ARXIV:1503.01520;%%"
}

@article{Hayes:2013wra,
      author         = "Hayes, A. C. and Friar, J. L. and Garvey, G. T. and Jungman, Gerard and Jonkmans, Guy",
      title          = "{Systematic Uncertainties in the Analysis of the Reactor Neutrino Anomaly}",
      journal        = "Phys. Rev. Lett.",
      volume         = "112",
      year           = "2014",
      pages          = "202501",
      doi            = "10.1103/PhysRevLett.112.202501",
      eprint         = "1309.4146",
      archivePrefix  = "arXiv",
      primaryClass   = "nucl-th",
      reportNumber   = "LA-UR-13-27154",
      SLACcitation   = "%%CITATION = ARXIV:1309.4146;%%"
}

@article{Hayen:2018uyg,
      author         = "Hayen, L. and Kostensalo, J. and Severijns, N. and Suhonen, J.",
      title          = "{First-forbidden transitions in reactor antineutrino spectra}",
      journal        = "Phys. Rev.",
      volume         = "C99",
      year           = "2019",
      number         = "3",
      pages          = "031301",
      doi            = "10.1103/PhysRevC.99.031301",
      eprint         = "1805.12259",
      archivePrefix  = "arXiv",
      primaryClass   = "nucl-th",
      SLACcitation   = "%%CITATION = ARXIV:1805.12259;%%"
}

@article{Abe:2014bwa,
      author         = "Abe, Y. and others",
      title          = "{Improved measurements of the neutrino mixing angle $\theta_{13}$ with the Double Chooz detector}",
      collaboration  = "Double Chooz",
      journal        = "JHEP",
      volume         = "10",
      year           = "2014",
      pages          = "086",
      doi            = "10.1007/JHEP02(2015)074, 10.1007/JHEP10(2014)086",
      note           = "[Erratum: JHEP02,074(2015)]",
      eprint         = "1406.7763",
      archivePrefix  = "arXiv",
      primaryClass   = "hep-ex",
      SLACcitation   = "%%CITATION = ARXIV:1406.7763;%%"
}

@article{An:2016srz,
      author         = "An, Feng Peng and others",
      title          = "{Improved Measurement of the Reactor Antineutrino Flux and Spectrum at Daya Bay}",
      collaboration  = "Daya Bay",
      journal        = "Chin. Phys.",
      volume         = "C41",
      year           = "2017",
      number         = "1",
      pages          = "013002",
      doi            = "10.1088/1674-1137/41/1/013002",
      eprint         = "1607.05378",
      archivePrefix  = "arXiv",
      primaryClass   = "hep-ex",
      SLACcitation   = "%%CITATION = ARXIV:1607.05378;%%"
}

@article{Seo:2016uom,
      author         = "Seo, S. H. and others",
      title          = "{Spectral Measurement of the Electron Antineutrino Oscillation Amplitude and Frequency using 500 Live Days of RENO Data}",
      collaboration  = "RENO",
      journal        = "Phys. Rev.",
      volume         = "D98",
      year           = "2018",
      number         = "1",
      pages          = "012002",
      doi            = "10.1103/PhysRevD.98.012002",
      eprint         = "1610.04326",
      archivePrefix  = "arXiv",
      primaryClass   = "hep-ex",
      SLACcitation   = "%%CITATION = ARXIV:1610.04326;%%"
}

@article{Hayes:2015yka,
      author         = "Hayes, A. C. and Friar, J. L. and Garvey, G. T. and Ibeling, Duligur and Jungman, Gerard and Kawano, T. and Mills, Robert W.",
      title          = "{Possible origins and implications of the shoulder in reactor neutrino spectra}",
      journal        = "Phys. Rev.",
      volume         = "D92",
      year           = "2015",
      number         = "3",
      pages          = "033015",
      doi            = "10.1103/PhysRevD.92.033015",
      eprint         = "1506.00583",
      archivePrefix  = "arXiv",
      primaryClass   = "nucl-th",
      SLACcitation   = "%%CITATION = ARXIV:1506.00583;%%"
}

@article{Seo:2016uom,
      author         = "Seo, S. H. and others",
      title          = "{Spectral Measurement of the Electron Antineutrino Oscillation Amplitude and Frequency using 500 Live Days of RENO Data}",
      collaboration  = "RENO",
      journal        = "Phys. Rev.",
      volume         = "D98",
      year           = "2018",
      number         = "1",
      pages          = "012002",
      doi            = "10.1103/PhysRevD.98.012002",
      eprint         = "1610.04326",
      archivePrefix  = "arXiv",
      primaryClass   = "hep-ex",
      SLACcitation   = "%%CITATION = ARXIV:1610.04326;%%"
}

@article{Buck:2015clx,
      author         = "Buck, Christian and Collin, Antoine P. and Haser, Julia and Lindner, Manfred",
      title          = "{Investigating the Spectral Anomaly with Different Reactor Antineutrino Experiments}",
      journal        = "Phys. Lett.",
      volume         = "B765",
      year           = "2017",
      pages          = "159-162",
      doi            = "10.1016/j.physletb.2016.11.062",
      eprint         = "1512.06656",
      archivePrefix  = "arXiv",
      primaryClass   = "hep-ex",
      SLACcitation   = "%%CITATION = ARXIV:1512.06656;%%"
}

@article{An:2017osx,
      author         = "An, F. P. and others",
      title          = "{Evolution of the Reactor Antineutrino Flux and Spectrum at Daya Bay}",
      collaboration  = "Daya Bay",
      journal        = "Phys. Rev. Lett.",
      volume         = "118",
      year           = "2017",
      number         = "25",
      pages          = "251801",
      doi            = "10.1103/PhysRevLett.118.251801",
      eprint         = "1704.01082",
      archivePrefix  = "arXiv",
      primaryClass   = "hep-ex",
      SLACcitation   = "%%CITATION = ARXIV:1704.01082;%%"
}

@article{Aartsen:2017bap,
      author         = "Aartsen, M. G. and others",
      title          = "{Search for sterile neutrino mixing using three years of IceCube DeepCore data}",
      collaboration  = "IceCube",
      journal        = "Phys. Rev.",
      volume         = "D95",
      year           = "2017",
      number         = "11",
      pages          = "112002",
      doi            = "10.1103/PhysRevD.95.112002",
      eprint         = "1702.05160",
      archivePrefix  = "arXiv",
      primaryClass   = "hep-ex",
      SLACcitation   = "%%CITATION = ARXIV:1702.05160;%%"
}


@article{TheIceCube:2016oqi,
      author         = "Aartsen, M. G. and others",
      title          = "{Searches for Sterile Neutrinos with the IceCube Detector}",
      collaboration  = "IceCube",
      journal        = "Phys. Rev. Lett.",
      volume         = "117",
      year           = "2016",
      number         = "7",
      pages          = "071801",
      doi            = "10.1103/PhysRevLett.117.071801",
      eprint         = "1605.01990",
      archivePrefix  = "arXiv",
      primaryClass   = "hep-ex",
      SLACcitation   = "%%CITATION = ARXIV:1605.01990;%%"
}

@article{Adamson:2017uda,
      author         = "Adamson, P. and others",
      title          = "{Search for sterile neutrinos in MINOS and MINOS+ using a two-detector fit}",
      collaboration  = "MINOS+",
      journal        = "Phys. Rev. Lett.",
      volume         = "122",
      year           = "2019",
      number         = "9",
      pages          = "091803",
      doi            = "10.1103/PhysRevLett.122.091803",
      eprint         = "1710.06488",
      archivePrefix  = "arXiv",
      primaryClass   = "hep-ex",
      reportNumber   = "FERMILAB-PUB-17-430-ND",
      SLACcitation   = "%%CITATION = ARXIV:1710.06488;%%"
}

@article{Ko:2016owz,
      author         = "Ko, Y. J. and others",
      title          = "{Sterile Neutrino Search at the NEOS Experiment}",
      collaboration  = "NEOS",
      journal        = "Phys. Rev. Lett.",
      volume         = "118",
      year           = "2017",
      number         = "12",
      pages          = "121802",
      doi            = "10.1103/PhysRevLett.118.121802",
      eprint         = "1610.05134",
      archivePrefix  = "arXiv",
      primaryClass   = "hep-ex",
      SLACcitation   = "%%CITATION = ARXIV:1610.05134;%%"
}

@article{RENO:2018pwo,
      author         = "Bak, G. and others",
      title          = "{Fuel-composition dependent reactor antineutrino yield at RENO}",
      collaboration  = "RENO",
      journal        = "Phys. Rev. Lett.",
      volume         = "122",
      year           = "2019",
      number         = "23",
      pages          = "232501",
      doi            = "10.1103/PhysRevLett.122.232501",
      eprint         = "1806.00574",
      archivePrefix  = "arXiv",
      primaryClass   = "hep-ex",
      SLACcitation   = "%%CITATION = ARXIV:1806.00574;%%"
}

@article{Alekseev:2018efk,
      author         = "Alekseev, I and others",
      title          = "{Search for sterile neutrinos at the DANSS experiment}",
      collaboration  = "DANSS",
      journal        = "Phys. Lett.",
      volume         = "B787",
      year           = "2018",
      pages          = "56-63",
      doi            = "10.1016/j.physletb.2018.10.038",
      eprint         = "1804.04046",
      archivePrefix  = "arXiv",
      primaryClass   = "hep-ex",
      SLACcitation   = "%%CITATION = ARXIV:1804.04046;%%"
}

@article{Ashenfelter:2018iov,
      author         = "Ashenfelter, J. and others",
      title          = "{First search for short-baseline neutrino oscillations at HFIR with PROSPECT}",
      collaboration  = "PROSPECT",
      journal        = "Phys. Rev. Lett.",
      volume         = "121",
      year           = "2018",
      number         = "25",
      pages          = "251802",
      doi            = "10.1103/PhysRevLett.121.251802",
      eprint         = "1806.02784",
      archivePrefix  = "arXiv",
      primaryClass   = "hep-ex",
      SLACcitation   = "%%CITATION = ARXIV:1806.02784;%%"
}

@article{Ashenfelter:2018jrx,
      author         = "Ashenfelter, J. and others",
      title          = "{Measurement of the Antineutrino Spectrum from $^{235}$U Fission at HFIR with PROSPECT}",
      collaboration  = "PROSPECT",
      journal        = "Phys. Rev. Lett.",
      volume         = "122",
      year           = "2019",
      number         = "25",
      pages          = "251801",
      doi            = "10.1103/PhysRevLett.122.251801",
      eprint         = "1812.10877",
      archivePrefix  = "arXiv",
      primaryClass   = "nucl-ex",
      SLACcitation   = "%%CITATION = ARXIV:1812.10877;%%"
}

@article{doi:10.1119/1.15352,
author = {Brown,Laurie M.  and Rechenberg,Helmut },
title = {Nuclear structure and beta decay (1932–1933)},
journal = {American Journal of Physics},
volume = {56},
number = {11},
pages = {982-988},
year = {1988},
doi = {10.1119/1.15352},

URL = { 
        https://doi.org/10.1119/1.15352
    
},
eprint = { 
        https://doi.org/10.1119/1.15352
    
}

}

@article{Dalitz:1993yt,
      author         = "Dalitz, R. H.",
      title          = "{The $\tau-\theta$ puzzle}",
      booktitle      = "{Proceedings, International Symposium on 30 Years of Neutral Currents: From Weak Neutral Currents to the (W) / Z and Beyond: Santa Monica, California, February 3-5, 1993}",
      journal        = "AIP Conf. Proc.",
      volume         = "300",
      year           = "1994",
      pages          = "141-158",
      doi            = "10.1063/1.45424",
      SLACcitation   = "%%CITATION = APCPC,300,141;%%"
}

@article{Vogel:2007du,
      author         = "Vogel, Petr",
      title          = "{Conversion of electron spectrum associated with fission into the antineutrino spectrum}",
      journal        = "Phys. Rev.",
      volume         = "C76",
      year           = "2007",
      pages          = "025504",
      doi            = "10.1103/PhysRevC.76.025504",
      eprint         = "0708.0556",
      archivePrefix  = "arXiv",
      primaryClass   = "hep-ph",
      SLACcitation   = "%%CITATION = ARXIV:0708.0556;%%"
}

@unpublished{Danilov:EPSHEP2019,
        title= "{New results from the DANSS experiment}",
        author = "{Mikhail Danilov}",
        year = "{2019}",
        note= "{EPS-HEP2019}",
        URL= "{https://indi.to/qXSJP}"
}

@unpublished{Schreckenbach:WorkshoponBeyondThreeFamilyNeutrinoOscillations,
        title= "{How precisely do we know the reactor antineutrino spectra?}",
        author = "{Klaus Schreckenbach}",
        year = "{2011}",
        note= "{Workshop on Beyond Three Family Neutrino Oscillations}",
        URL= "{https://agenda.infn.it/event/3422/contributions/46415/}"
}

